2686 4398
218 391 258 452 18
374 405 504 450 SYNODI
526 404 853 451 OGDENSBURGENSIS
875 406 889 450 1
911 405 1068 451 STATUTA.

217 573 410 657 industria,
440 576 481 639 nt
504 573 716 640 accedentes
739 573 895 660 benigne
920 573 1041 660 recipi,
1069 577 1223 662 paterne

220 695 340 762 audiri
356 699 392 762 et
415 695 615 782 plurimum
636 696 759 782 Juvari
780 696 934 763 valeant.
987 694 1090 763 0000.
1104 693 1219 762 Pleu.

220 839 286 888 nn.
302 823 377 902 292,
393 823 467 886 442.

265 1025 316 1089 65.
340 1021 500 1102 Quidam
515 1041 621 1088 casus
637 1019 807 1088 reservati
824 1024 918 1100 sunt,
929 1040 951 1086 a
962 1020 1098 1108 quibus
1114 1040 1225 1086 nemo

111 1225 113 1228 ¹
221 1144 296 1212 sive
318 1141 506 1229 regularis,
527 1141 601 1208 sive
624 1141 818 1225 saecularis,
839 1142 916 1208 sine
932 1140 1080 1228 speciali
1104 1145 1140 1206 et
1163 1162 1227 1207 ex-

219 1282 346 1352 pressa
367 1281 390 1328 a
404 1261 521 1329 Nobis
537 1281 705 1329 concessa
719 1261 893 1328 facultate
908 1262 1004 1328 valet
1018 1260 1221 1327 absolvere.

220 1391 451 1459 Meminerint
465 1409 550 1476 ergo
567 1389 783 1457 Confessarii
806 1409 844 1456 se
867 1409 941 1456 non
957 1388 1090 1455 habere
1106 1387 1222 1454 facul-

220 1515 330 1580 tatem
345 1509 577 1578 absolvendi:

264 1683 305 1748 1⁰.
329 1663 394 1746 Ab'
404 1679 543 1763 haeresi,
556 1684 591 1747 et
606 1679 791 1767 apostasia
806 1700 828 1746 a
843 1679 925 1764 fide,
940 1683 976 1746 et
990 1698 1013 1745 a
1027 1678 1226 1747 schismate

221 1823 283 1872 eos
299 1803 416 1890 quiin
433 1802 523 1884 loco,
543 1801 607 1868 ubi
631 1802 802 1868 Sanctum
827 1800 995 1869 Officium
1018 1807 1221 1884 exercetur,

221 1921 451 2010 deliquerint.

263 2045 305 2110 2⁰.
329 2041 532 2128 Oomplices
555 2041 625 2108 sibi
650 2041 688 2108 in
712 2040 872 2126 quotibet
894 2040 1046 2125 peccato
1068 2040 1225 2108 mortali
1320 2113 1321 2120 ,

221 2165 371 2232 externo
388 2165 512 2228 contra
527 2162 737 2229 castitatem.

265 2285 307 2350 30.
331 2281 570 2366 Sacerdotem,
591 2283 657 2369 qui
686 2280 900 2370 complicem
928 2281 998 2348 sibi
1023 2281 1062 2348 in
1091 2281 1225 2369 hujus-

220 2401 322 2471 modi
336 2404 485 2490 peccato
500 2401 703 2468 absolverit.

264 2523 306 2588 4⁰.
330 2519 558 2588 Sacerdotem
575 2539 728 2601 omnem,
743 2519 809 2606 qui
824 2520 862 2586 in
878 2520 1143 2602 confessionali,
1158 2525 1227 2587 ant
1319 2575 1320 2612 ,

222 2643 421 2726 occasione,
447 2641 505 2707 vel
527 2645 710 2729 praetextu
742 2641 976 2709 confessionis
998 2641 1048 2708 ad
1071 2661 1224 2729 peccan-

221 2763 313 2834 dnm
328 2765 453 2829 contra
468 2759 666 2828 castitatem
684 2760 939 2828 sollicitaverit.

265 2884 307 2950 00.
331 2881 527 2948 Personam
545 2880 595 2948 sic
618 2880 858 2965 sollicitatam,
878 2881 949 2949 nisi
969 2881 1075 2970 prins
1090 2879 1223 2948 sollici-

222 3007 360 3073 tantem
375 3000 567 3070 Ordinatio
583 3001 859 3069 denuntiaverit.

267 3127 308 3194 60.
332 3124 530 3192 Personam
546 3123 814 3210 cujuscumque
829 3143 951 3205 sexus,
961 3141 1047 3210 quae
1063 3123 1227 3191 sacerdo

222 3249 295 3315 tem
312 3244 404 3312 falso
419 3242 466 3309 de
481 3241 736 3310 sollicitatione
752 3241 1029 3310 denuntiaverit.
1318 3227 1319 3232 ¹

266 3367 309 3434 7⁰.
332 3363 573 3446 catholicum,
592 3363 658 3451 qni
681 3383 816 3432 novum
840 3363 1121 3446 matrimonium,
1139 3384 1224 3432 con·

221 3491 312 3580 juge
328 3487 531 3576 superstite,
552 3485 762 3554 contrahere
777 3487 1013 3573 attentaverit,
1033 3491 1070 3556 et
1084 3487 1169 3555 inde
1184 3487 1222 3554 in

224 3605 635 3678 excommunicationem
651 3605 826 3674 inciderit.

267 3733 309 3800 80.
325 3729 543 3813 Catholicos,
556 3731 620 3818 qni
635 3735 722 3819 post
738 3730 891 3820 primam
908 3731 1097 3820 Synodum
1110 3729 1220 3796 Alba-
