2686 4398
235 429 274 487 36
387 439 518 486 sruom
540 438 870 486 ososusssnosusrs
891 442 906 486 1
925 441 1082 490 srsrurs.

279 611 352 674 127.
377 607 421 674 In
442 608 558 674 altera
579 606 755 674 schedula
777 608 941 676 similiter
963 611 1139 678 rationem
1162 633 1241 680 om-

234 735 338 802 nium
353 735 601 823 pecuniarum,
613 737 688 801 tam
703 755 828 801 earum
841 756 926 823 quae
941 743 1107 826 receptus,
1118 759 1238 827 quam

235 875 360 923 earum
376 874 461 942 quse
483 874 658 942 expensae
680 855 823 937 fuerint,
844 877 912 923 suo
927 858 1077 945 proprio
1093 864 1131 927 et
1151 861 1239 930 aedi-

233 980 380 1044 tuorum
412 975 620 1043 nominibus
657 977 836 1043 munitam
867 978 962 1045 circa
998 979 1107 1048 linem
1147 983 1238 1052 anni

233 1097 376 1163 mittent
412 1096 462 1163 ad
499 1096 733 1184 Episcopum,
775 1101 812 1164 et
851 1098 960 1165 etiam
1003 1099 1237 1172 exhibebunt

234 1220 488 1308 populosam
511 1219 754 1306 appendendo
781 1219 829 1286 ad
855 1219 952 1290 fores
975 1222 1147 1306 eoelesiae,
1175 1226 1236 1292 vel

236 1339 338 1427 typis
364 1339 578 1426 impressam
603 1338 855 1406 distribuendo
890 1340 1062 1410 fidelibus
1093 1341 1233 1411 Divino

232 1458 349 1526 officio
371 1459 622 1546 praesentibus.

275 1669 349 1735 128.
372 1665 570 1734 Monentur
594 1685 743 1753 quoque
768 1665 979 1733 Sacerdotes
1003 1685 1049 1733 ne
1071 1687 1131 1734 res
1153 1687 1235 1756 pro

230 1790 330 1878 prias
346 1789 508 1857 ecclesiae
524 1789 634 1856 rebus
649 1789 915 1872 commisceant,
927 1809 1010 1856 oum
1027 1789 1136 1858 famae
1152 1809 1233 1860 suae

231 1912 439 1980 discrimine
462 1915 498 1978 et
520 1911 717 1978 offensione
732 1910 906 1993 fidelium,
927 1909 993 1998 qui
1008 1909 1118 1979 facile
1140 1913 1234 1980 exis

230 2035 361 2102 timant
376 2032 536 2101 eeclesiae
551 2032 630 2099 fieri
645 2031 827 2118 injuriam.

275 2241 346 2306 129.
383 2237 621 2305 Decernimus
661 2240 703 2305 ut
741 2236 896 2324 quilibet
936 2235 1121 2320 Sacerdos,
1164 2237 1229 2324 qui

229 2379 354 2426 curam
370 2358 530 2446 alicujus
546 2356 837 2444 congregationis
852 2356 910 2422 vel
926 2355 1120 2438 missionis,
1141 2356 1229 2438 sive,

228 2482 271 2547 ut
297 2479 521 2565 quandoque
548 2477 598 2559 fit,
629 2477 794 2565 plurium
825 2476 933 2543 etiam
965 2475 1036 2543 sibi
1059 2495 1083 2544 a
1109 2475 1232 2544 Nobis

229 2598 459 2668 commissam
495 2597 616 2681 habet,
650 2597 750 2664 mille
791 2600 933 2666 scutata
963 2595 1137 2683 (delicis)
1163 2617 1231 2686 per

228 2739 369 2786 annum
403 2718 541 2785 ratione
564 2716 689 2784 salarii
719 2715 884 2804 accipiat,
915 2715 1118 2804 Adjutores
1142 2735 1230 2784 vcro

230 2859 295 2907 seu
312 2838 527 2908 assistentes
543 2839 711 2905 trecenta.

272 3044 345 3108 130.
374 3039 544 3107 Distriote
566 3041 689 3105 autem
712 3037 961 3126 prohibemus,
982 3039 1018 3104 et
1033 3035 1102 3106 sub
1111 3055 1229 3122 poena

227 3160 377 3246 quidem
399 3158 662 3242 suspensionis
685 3158 769 3242 ipso
780 3155 892 3240 socio
916 3153 1164 3238 incurrendo,
1184 3175 1230 3222 ne

226 3279 328 3348 ullus
352 3279 499 3348 Nostrae
522 3278 729 3348 Dioeoesecs
757 3277 933 3346 Sacerdos
960 3277 1131 3346 collectas
1158 3297 1228 3366 pro

227 3403 347 3491 seipso
362 3402 438 3471 sive
460 3403 498 3469 in
515 3402 677 3487 ecclesia,
697 3402 773 3470 sive
789 3401 885 3469 inter
900 3401 1084 3490 populum
1101 3399 1225 3484 faciat,

225 3527 434 3614 praetereas
448 3543 533 3613 quae
548 3544 720 3612 expresse
742 3541 811 3612 pro
832 3527 995 3612 tempore
1009 3522 1222 3590 tolerantur.

226 3643 335 3728 Quod
347 3647 377 3714 si
387 3644 696 3716 redituseoolesise
705 3643 878 3712 salarium
888 3643 1070 3730 integrum
1081 3639 1225 3709 Pastori

225 3767 388 3858 praebere
410 3771 602 3856 nequeant,
622 3765 867 3856 permittimus
889 3769 932 3834 ut
946 3765 984 3833 in
1000 3764 1046 3832 iis
1061 3763 1224 3833 ecclesiis
