2686 4398
687 197 699 238 i

610 404 801 452 APPENDIX.

361 829 513 890 Rnoonm
537 827 798 890 Oaucnnnamm
820 825 1054 890 Dimensaum.

262 993 289 1052 1.
315 988 575 1071 Dispensatioues
588 989 624 1050 in
639 1008 672 1051 re
693 987 926 1050 Matrimoniali
947 989 1064 1069 scripto
1086 1007 1214 1068 semper

207 1106 367 1185 petantur.

261 1241 289 1300 2.
312 1237 451 1317 Supplex
466 1236 602 1312 libellus,
620 1237 676 1316 qui
699 1255 718 1297 a
738 1235 869 1297 Pastore
889 1235 940 1297 vel
961 1235 1000 1297 ob
1022 1234 1086 1298 alio
1101 1234 1214 1298 Sacer-

208 1354 282 1416 dote
296 1354 349 1434 jus
364 1352 499 1414 habente
514 1355 561 1414 est
570 1350 818 1431 componendus,
830 1351 878 1432 (a)
891 1351 1025 1412 nomina
1035 1355 1214 1428 oratorum,

209 1469 254 1553 (b)
271 1475 422 1532 naturam
444 1469 676 1551 impedimenti,
694 1469 737 1550 (o)
754 1473 786 1531 et
804 1469 944 1532 rationes
963 1470 1081 1550 quibus
1102 1489 1214 1551 proces

207 1587 356 1648 nitantur
384 1589 528 1648 accurate
556 1583 733 1674 describat3
769 1603 858 1647 secus
891 1584 977 1646 enim
1014 1585 1213 1666 dispensatio

207 1701 347 1782 periculo
363 1699 523 1762 nullitatis
537 1699 716 1779 exponitur.

261 1839 289 1898 3.
311 1834 442 1911 Quoties
456 1853 514 1914 pro
530 1832 737 1895 Matrimonio
753 1833 855 1895 mixto
869 1832 993 1913 petitur
1006 1833 1205 1916 dispensatio

207 1951 301 2013 debet
323 1949 474 2012 Sacerdos
503 1948 537 2010 in
560 1948 697 2029 supplici
718 1947 826 2010 libello
847 1947 1015 2024 declarare,
1031 1948 1080 2030 (a)
1098 1955 1213 2011 utrum

207 2070 313 2147 partes
339 2065 378 2126 ab
403 2064 592 2142 hujusmodi
618 2063 826 2126 Matrimonia
852 2063 1045 2140 dissuaserit,
1073 2065 1120 2147 (t)
1146 2085 1213 2148 quo

208 2183 316 2246 animo
332 2182 398 2244 sint
412 2183 531 2244 affectae
552 2182 657 2262 quoad
679 2181 878 2245 conditiones
899 2185 1008 2262 postea
1029 2183 1212 2260 servandas,

211 2301 255 2384 (o)
273 2304 383 2362 utrum
398 2319 470 2382 pars
485 2300 675 2362 Acatholioa
696 2299 857 2380 baptizata
871 2300 968 2363 fuerit
982 2319 1093 2376 necne,
1110 2300 1162 2382 (d)
1179 2303 1215 2364 et

208 2415 286 2497 quid
302 2415 367 2496 ipse
378 2415 528 2477 Sacerdos
543 2414 581 2476 de
592 2415 733 2496 periculo
748 2415 956 2496 perversioris
970 2415 1075 2496 quoad
1085 2421 1213 2496 partem

208 2531 409 2594 Catholicam
424 2529 549 2592 sentiat.

260 2695 289 2753 4.
311 2691 394 2753 Item
409 2690 442 2752 in
458 2690 667 2771 petitionibus
681 2710 738 2772 pro
760 2690 996 2771 dispensatione
1017 2693 1057 2754 ab
1076 2691 1214 2772 impedi-

207 2813 317 2872 mento
341 2805 629 2888 consanguinitatis
650 2809 697 2869 est
719 2810 825 2888 aperte
849 2805 1076 2870 declarandum
1097 2811 1213 2872 utram

209 2918 360 2982 Sacerdos
386 2923 492 3000 partes
526 2937 584 3000 pro
608 2917 729 2981 viribus
764 2919 803 2982 ab
837 2918 1024 3000 hujusmodi
1058 2919 1214 3002 conjugio

208 3034 368 3098 averterit

263 3173 290 3231 5.
313 3169 346 3230 Si
361 3167 554 3250 dispensatio
570 3167 686 3232 litteris
700 3188 756 3248 per
777 3187 908 3232 cursum
923 3169 1091 3250 publicum
1106 3173 1211 3236 trans·

210 3282 314 3346 missis
329 3286 467 3364 petatur,
481 3281 619 3363 pecunia
632 3282 668 3344 in
682 3300 757 3345 casu
773 3282 923 3346 solvenda
935 3282 971 3345 in
985 3283 1025 3345 iis
1039 3283 1081 3346 sit
1094 3283 1213 3360 clausa,
1334 3337 1335 3346 ,

210 3397 403 3461 remittenda
416 3396 545 3479 quidem
569 3396 596 3459 si
617 3416 683 3460 non
704 3395 899 3460 concedatur
926 3397 1131 3478 dispensatio.
1178 3397 1212 3461 Si

210 3531 284 3576 sero
306 3510 368 3592 ipsi
391 3515 530 3574 oratores
551 3509 592 3574 od
618 3510 851 3574 cancellariam
874 3511 1050 3593 supplicem
1064 3511 1211 3576 libellum

209 3629 408 3704 defer-anae
433 3627 601 3692 Sacerdote
625 3627 664 3690 de
689 3629 826 3710 pecnnia
849 3629 889 3691 ab
911 3629 989 3710 ipsis
1010 3629 1045 3692 in
1059 3647 1136 3693 casn
1150 3629 1212 3693 sol·

209 3742 587 3824 vendepramoneantur.
