2686 4398
223 403 263 462 14
378 413 507 461 ernam
528 409 857 460 oenrrsaunenusrs
878 409 893 454 1
914 407 1073 454 srnrurn.

264 587 316 650 49.
342 582 616 650 sanctissimum
656 581 926 650 Sacramentum
959 577 1220 644 asservandum

222 702 329 771 estin
345 722 420 769 uno
443 705 585 768 tantum
608 701 689 766 loco
704 701 970 786 cujuscumque
992 697 1164 776 ecclesiae,
1184 697 1223 762 in

222 843 296 911 qua
311 822 485 890 custodiri
502 824 630 909 potest,
646 821 746 901 solet,
759 825 825 886 aut
839 820 955 886 debet.
998 817 1101 884 tuac.
1113 816 1223 884 Pica.

220 965 258 1012 a.
274 946 349 1009 266.

264 1137 316 1201 50.
341 1132 641 1212 Tabernaculum,
657 1131 695 1198 in
720 1151 795 1217 quo
819 1130 1060 1209 conservatur,
1080 1127 1127 1194 sit
1142 1147 1224 1213 pre-

128 1261 131 1270 '
221 1256 356 1322 tiosum
383 1256 616 1341 maximeque
648 1256 826 1335 ornatum,
864 1256 930 1319 aut
959 1251 1087 1318 saltem
1119 1253 1227 1315 extra

221 1376 448 1456 deauratum,
464 1375 564 1442 intus
579 1395 664 1442 vero
680 1375 805 1461 aliquo
827 1393 949 1460 panno
966 1373 1079 1439 serico
1095 1372 1226 1438 decen·

221 1497 275 1562 ter
298 1497 513 1562 contectum.
560 1495 614 1562 Sit
629 1495 797 1574 nitidum,
821 1495 997 1581 nullaque
1026 1493 1099 1559 alia
1122 1511 1224 1579 quae·

222 1635 381 1704 cumque
396 1616 434 1683 in
457 1638 500 1684 eo
523 1638 589 1700 res,
609 1621 744 1704 praeter
767 1616 1052 1697 Sanctissimum,
1069 1635 1224 1702 repona-

221 1741 290 1806 tur.
338 1739 391 1806 Sit
406 1743 486 1806 tuto
503 1741 668 1806 clausum
693 1760 771 1806 sera
787 1741 895 1826 quus
910 1738 1022 1805 clavis
1038 1758 1181 1824 semper
1202 1757 1226 1802 a

222 1857 413 1927 Sacerdote
456 1860 693 1927 custodiatur.
756 1858 834 1929 Vas
870 1857 1001 1926 florum
1035 1858 1093 1926 vel
1131 1857 1225 1944 quid

221 1979 338 2047 simile
370 1983 453 2046 ante
483 1981 577 2047 illud
601 2001 675 2046 non
702 1984 870 2068 ponatur,
900 1980 964 2047 sed
988 1999 1011 2046 a
1035 1979 1223 2045 lateribus.

220 2099 352 2187 Neque
377 2101 562 2186 imagines,
583 2122 702 2188 neque
727 2103 901 2188 reliquias
924 2103 1130 2167 sanctorum
1159 2105 1225 2165 aut

220 2218 312 2308 quid
339 2219 452 2300 aliud,
469 2226 600 2308 praeter
623 2221 817 2304 imaginem
842 2219 1028 2303 Crucifixi‚
1048 2220 1079 2286 ei
1097 2239 1222 2307 super·

219 2342 406 2430 imponere
421 2343 514 2445 licet.
560 2342 665 2409 Ibid.

263 2538 315 2603 61.
340 2536 512 2604 Rubricis
535 2537 696 2606 Ritualis
718 2559 760 2606 ac
784 2537 1052 2606 Oaeremonialis
1074 2536 1223 2624 Episoo

220 2679 353 2748 porum
380 2659 608 2741 inhaerentes,
637 2660 807 2728 omnibus
842 2660 1097 2726 Sacerdotibus
1130 2659 1224 2726 serio

220 2779 448 2848 inculcamus
464 2785 506 2848 ut
520 2781 711 2869 particulae
735 2781 891 2848 minores
914 2785 949 2848 et
971 2781 1088 2868 major
1102 2780 1225 2876 hostia

221 2900 331 2968 semel
357 2900 395 2967 in
423 2899 655 2968 hebdomada
681 2905 908 2983 renoventur,
929 2905 965 2968 et
988 2903 1126 2968 veteres
1149 2901 1222 2968 dis·
1267 2935 1271 2946 ·

220 3020 431 3088 tribuantur
452 3022 509 3088 vel
532 3025 803 3088 consumantur.
851 3019 954 3086 Ocno.
971 3018 1130 3087 Plena.
1146 3023 1224 3087 268.
1324 3087 1325 3108 ,

264 3223 316 3287 52.
344 3220 574 3308 Regulariter
602 3224 743 3311 lampas
777 3245 824 3291 ex
855 3226 936 3294 oleo
973 3227 1110 3294 nutrita
1143 3248 1223 3316 per-

222 3343 334 3428 petuo
371 3361 493 3408 coram
541 3342 774 3411 Sanctissimo
822 3345 1052 3414 Sacramenta
1095 3347 1224 3416 ardere

222 3460 338 3529 debet.
386 3461 495 3544 Quod
519 3463 551 3532 si
575 3464 719 3550 lampas
751 3463 877 3531 haberi
903 3471 1070 3553 nequeat,
1096 3467 1223 3536 lumen

222 3577 350 3645 saltem
366 3582 553 3669 quoddam
568 3581 620 3649 ibi
635 3581 694 3649 die
706 3602 748 3648 ac
760 3587 865 3650 nocte
880 3585 1066 3653 colluceat.
1117 3587 1222 3655 Ooaa

222 3697 329 3768 Ptca.
345 3719 383 3768 a.
399 3705 474 3770 267.
