2686 4398
215 398 255 454 20
371 408 501 454 ermom
524 407 851 453 concussunonrrsrs
874 409 887 452 1
909 407 1068 453 sussum.

216 579 295 646 haec
318 583 391 645 tam
414 578 615 644 necessaria
638 577 801 645 subsidia
816 579 854 643 in
869 579 1039 645 extremis
1054 578 1219 646 Ecclesia

217 700 407 786 diligenter
422 720 495 766 non
510 703 713 787 praesentet.
762 699 867 765 Ibid.

260 895 311 958 69.
328 890 364 957 N
366 912 385 957 e
396 910 481 957 vero
493 890 627 971 fideles,
639 889 746 957 minis
758 891 945 975 perterriti,
954 892 992 957 in
1005 891 1116 958 simili
1128 913 1217 960 casu

216 1032 290 1078 non
306 1011 465 1078 audeant
480 1010 656 1077 advocare
672 1008 872 1092 Pastorem,
883 1032 1083 1098 numquam
1100 1034 1120 1078 e
1137 1034 1221 1101 sug-

217 1136 320 1221 gestu
344 1136 409 1200 aut
433 1132 520 1198 alibi
546 1133 741 1218 exigantur
772 1131 904 1199 debitae
931 1134 1219 1202 contributiones

218 1274 283 1342 per
305 1250 619 1320 comminationem
642 1251 895 1338 delinquentes
917 1253 1022 1320 aliter
1036 1255 1076 1320 in
1090 1256 1221 1322 mortis
1328 1245 1329 1258 ¹

217 1378 307 1444 hora
323 1376 561 1442 Sacramentis
576 1375 747 1443 Ecclesiae
763 1374 947 1462 privatum
963 1377 1018 1444 iri.

260 1569 312 1632 70.
338 1563 376 1630 Si
398 1563 491 1630 torte
520 1563 703 1630 Sacerdoti
726 1567 880 1651 aegrotos
910 1563 1080 1632 invisenti
1109 1567 1221 1634 conti·
1328 1544 1329 1590 ³

217 1681 310 1769 gerit
328 1681 415 1747 dare
440 1678 633 1746 consilium
661 1680 706 1747 de
731 1701 850 1748 rerum
872 1682 1129 1770 temporalium
1145 1684 1220 1752 dis·

218 1800 472 1886 nouandarum
496 1799 644 1881 ratione,
670 1818 781 1886 quam
810 1803 971 1868 maxima
997 1807 1122 1870 caveat
1144 1824 1221 1871 non

218 1926 361 1989 tantum
386 1941 409 1988 a
432 1925 545 2004 reatu,
566 1921 629 1988 sed
653 1921 710 1988 vel
734 1924 780 1989 ab
814 1923 897 2011 ipsa
926 1925 1026 1991 omni
1055 1927 1222 1994 avaritiae
1328 1947 1329 1950 ’

123 2085 128 2091 ,
219 2043 337 2131 specie
352 2046 389 2109 et
404 2043 621 2129 suspicione.
667 2042 770 2111 Onus
781 2047 901 2111 autem
926 2045 1048 2132 ipsum
1066 2047 1141 2114 sive
1157 2048 1219 2114 de-

219 2162 399 2232 scribendi
415 2163 488 2230 sive
500 2164 710 2250 exequendi
732 2167 989 2232 testamentum
1012 2171 1221 2236 constanter

219 2287 369 2366 recuset,
389 2302 508 2369 neque
523 2303 698 2370 unquam,
719 2283 788 2352 nisi
803 2284 1017 2372 gravissima
1030 2286 1076 2353 de
1092 2307 1218 2372 causa,
1328 2271 1329 2324 3

219 2407 425 2497 puellarum
437 2406 690 2473 tutelaminse
701 2407 887 2495 suscipere
899 2408 1109 2476 consentiat.
1142 2409 1221 2498 (ἅν.
1328 2411 1329 2474 l

223 2527 325 2594 Ooac.
341 2525 448 2594 Pae.
459 2545 495 2594 a.
512 2527 586 2593 157.

599 2785 762 2854 cAPU'r
788 2785 833 2854 X.

599 2960 651 3010 DE
674 2961 832 3011 ORDINE.

262 3103 315 3168 71.
335 3098 520 3179 Quantum
537 3099 575 3166 in
591 3121 628 3168 se
644 3103 707 3184 est,
722 3100 931 3170 Sacerdotes
945 3103 1097 3190 gratiam
1113 3123 1224 3174 voca-
1328 3151 1329 3184 2

220 3219 330 3288 tionis
346 3219 394 3288 ad
411 3223 543 3288 statum
562 3218 819 3288 sacerdotalem
842 3222 879 3288 in
898 3223 1099 3310 juvenibus
1121 3229 1223 3314 aptis
1328 3295 1329 3314 ,

220 3343 255 3408 et
278 3337 401 3426 dignis
427 3339 573 3408 foveant
603 3343 715 3428 atque
745 3347 990 3428 promoveant.
1044 3344 1222 3417 Parentes
1328 3349 1329 3352 ’

219 3477 368 3546 quoqne
383 3467 551 3527 accurate
574 3459 619 3528 de
642 3461 829 3530 vocatione
852 3463 1094 3532 ecclesiastica
1112 3465 1220 3536 doce·

219 3581 291 3661 ant,
313 3599 356 3646 ne
371 3577 420 3646 ad
443 3579 557 3648 altare
579 3579 719 3668 indigni
743 3581 928 3666 sistantur,
948 3589 1015 3652 aut
1030 3585 1147 3652 vocati
1169 3587 1220 3654 ab

219 3699 325 3768 altari
340 3705 559 3770 avertantur.
606 3701 709 3772 Ooac.
726 3703 830 3772 Pleu.
850 3724 888 3772 a.
909 3708 983 3790 176,
1003 3725 1094 3792 seqq.
