2686 4398
218 427 237 486 8
375 442 504 488 SYNODI
526 442 855 490 OGDENSBURGENSIS
877 445 891 489 1
912 445 1070 490 STATUTA.

218 637 220 642 ·
258 612 310 676 27.
335 610 534 679 Censemus
548 611 705 679 infantes
720 611 1017 696 acatholicorum,
1034 634 1129 701 quos
1145 614 1223 702 ipsi

214 734 381 818 parentes
406 731 571 814 offerunt,
587 732 825 819 baptizandos
843 753 929 817 esse,
950 735 1095 821 quoties
1109 735 1219 803 afful-

179 891 181 894 -
214 854 275 937 get
290 871 373 938 spes
382 850 571 918 catholicas
586 871 712 918 eornm
727 852 961 920 educationis.
1000 854 1219 923 Curandum

213 974 336 1038 autem
359 971 506 1038 omnino
529 975 617 1039 tunc
640 976 695 1039 est
716 976 760 1040 ut
781 973 948 1060 patrinus
970 974 1028 1041 vel
1048 976 1219 1058 matrina,

214 1095 313 1182 iique
329 1094 507 1179 catholici,
523 1094 735 1162 habeantur.
789 1072 891 1164 Oouc.
911 1095 1020 1164 Plerc.
1037 1116 1075 1164 o.
1092 1099 1168 1166 229.

256 1295 308 1357 28.
337 1289 544 1357 Meminerit
562 1293 683 1357 tamen
705 1290 880 1358 Sacerdos
901 1290 939 1356 in
965 1289 1092 1356 mortis
1116 1291 1212 1378 peri-

214 1413 308 1493 culo,
326 1412 629 1499 quotiescumque
644 1411 786 1479 occasio
803 1431 840 1478 se
864 1410 1047 1493 obtulerit,
1061 1412 1216 1499 quosvis

212 1527 368 1595 infantes
387 1528 562 1615 baptizari
585 1549 657 1597 non
674 1529 793 1597 solum
809 1549 926 1617 posse,
948 1530 1011 1597 sed
1027 1529 1137 1597 etiam
1153 1528 1214 1596 de-

213 1648 306 1717 bere.
351 1648 450 1714 Ibid.

256 1840 309 1904 29.
337 1837 381 1903 In
396 1856 620 1924 unaquaque
637 1836 797 1920 ecclesia,
816 1837 881 1904 ubi
897 1837 1077 1924 Baptismi
1093 1837 1216 1906 Sacra

212 1964 374 2026 mentum
398 1959 579 2026 ordinarie
601 1959 837 2042 ministratur,
857 1958 994 2026 fontem
1017 1959 1216 2046 baptisma·

213 2081 283 2147 lem
312 2081 381 2148 sub
406 2081 582 2166 operculo
615 2085 652 2148 et
681 2093 769 2163 sera,
801 2080 832 2147 si
869 2080 1033 2147 nondum
1063 2081 1210 2166 existat,
1327 2077 1328 2084 ’

212 2201 483 2289 quamprimum
500 2202 711 2288 erigendum
729 2201 924 2269 statuimus
940 2225 948 2284 3
972 2223 1089 2290 prope
1101 2223 1214 2290 quem

211 2323 321 2391 etiam
336 2323 459 2389 omnia
473 2341 558 2409 quae
581 2322 629 2388 ad
650 2322 764 2409 hujus
779 2323 1010 2390 Sacramenti
1032 2323 1214 2390 ministra·

211 2443 345 2510 tionem
361 2443 551 2530 pertinent,
568 2441 681 2508 nitide
697 2446 894 2509 serventur.
934 2441 1037 2510 Oouo.
1051 2442 1158 2510 Pleu.
1173 2463 1213 2511 a.

211 2572 285 2635 234.

254 2744 306 2806 30.
331 2739 489 2806 Privatis
503 2738 543 2805 in
558 2737 711 2820 aedibus,
725 2736 796 2804 nisi
811 2740 963 2825 urgente
977 2738 1078 2824 gravi
1095 2757 1214 2806 neces-

211 2863 326 2948 sitate,
347 2861 575 2949 Baptismum
591 2859 844 2928 administrare
864 2859 1110 2946 prohibemus.
1156 2859 1215 2926 Li-

211 2989 290 3052 ceat
318 2984 357 3052 id
386 2988 517 3067 tamen,
548 2983 705 3050 instante
738 2980 913 3069 periculo,
939 2981 1008 3048 hoc
1034 2985 1142 3070 pacto
1169 2989 1213 3050 ut

210 3107 424 3195 baptizatus,
436 3105 467 3174 si
483 3104 735 3194 supervixerit,
746 3103 1018 3192 quamprimum
1035 3105 1113 3172 lieri
1127 3125 1210 3194 pos·

211 3228 267 3308 sit,
287 3226 335 3294 ad
358 3225 547 3293 ecclesiam
570 3223 763 3306 deferatur,
784 3222 848 3289 ubi
870 3224 1094 3290 oaeremoniae
1116 3223 1210 3314 Bap-

209 3346 318 3430 tismi,
345 3365 430 3434 quae
453 3345 597 3413 omissae
619 3343 774 3426 fuerant,
799 3343 1053 3432 suppleantur.
1103 3345 1209 3414 douo.

210 3469 318 3536 Pleu.
338 3488 376 3536 o.
389 3469 464 3534 238.

253 3653 305 3716 31.
334 3647 471 3716 Licebit
495 3646 639 3735 pariter,
660 3649 696 3714 et
722 3645 872 3733 quidem
899 3646 1114 3728 solemnitor,
1137 3646 1207 3716 hoo

211 3769 480 3836 Sacramentum
498 3766 659 3834 conferre
671 3763 709 3832 in
725 3762 868 3832 aedibus
883 3765 1044 3852 privatis,
1055 3765 1207 3853 quando
1321 3775 1322 3808 ¹
