2686 4398
209 417 255 462 DE
276 417 499 464 sancnlssnuo
521 415 748 463 SAORAMENTO
769 417 1021 465 EUGHARISTIAE.
1077 407 1114 466 13

117 588 149 656 si
178 586 326 674 ipsimet
363 588 579 671 aegrotantes
617 585 797 652 coelestem
840 586 945 652 illurn
983 606 1114 674 panem

116 710 281 778 esuriant
296 732 304 792 3
329 709 392 776 sed
408 708 518 775 alicui
533 709 581 774 ad
597 709 826 776 adorandum
847 710 965 776 solum
982 713 1046 776 aut
1068 711 1115 777 ad

116 829 450 918 contemplandum,
472 850 536 896 seu
560 829 760 897 devotionis
784 851 848 897 seu
871 831 1034 917 cujusvis
1064 831 1116 898 rei

116 955 310 1040 praetextu,
338 971 411 1017 non
438 951 630 1018 deferatur.
689 951 789 1018 Ocno.
814 949 921 1019 Pleu.
947 972 1012 1020 aa.
1039 955 1113 1036 262,
1170 942 1172 946 ⁷

118 1075 193 1137 263.

161 1226 212 1288 46.
240 1221 396 1302 Quando
413 1221 646 1288 Sanctissima
661 1221 891 1289 Eucharistia
905 1223 942 1288 in
955 1223 1117 1290 vestibus
1205 1254 1208 1262 ·

116 1342 219 1408 laicis
244 1342 292 1407 ad
317 1344 471 1428 aegrotos
498 1345 552 1408 est
576 1341 780 1424 deferenda,
811 1343 1048 1429 prohibemus
1072 1363 1118 1410 ne

116 1463 190 1528 alio
206 1462 316 1528 modo
332 1467 497 1548 portetur
512 1481 623 1549 quam
641 1463 679 1527 in
694 1462 837 1549 pyxide
853 1463 994 1530 inclusa
1007 1464 1118 1530 bursa

117 1603 203 1669 quae
217 1583 265 1649 ad
283 1582 419 1650 collum
436 1581 482 1649 sit
504 1602 668 1669 appensa
684 1587 719 1649 et
742 1584 881 1650 occulte
905 1605 1015 1670 super
1038 1605 1117 1670 pec-

117 1707 179 1770 tus
202 1701 342 1767 innixa.
387 1701 614 1768 Linteamina
643 1723 727 1768 vero
758 1722 843 1790 quae
870 1703 908 1768 in
938 1704 1002 1768 tali
1029 1723 1117 1770 casu

117 1821 366 1908 requiruntur,
385 1841 541 1908 parvum
569 1821 703 1887 scilicet
726 1822 911 1908 corporale
927 1841 969 1886 ac
994 1822 1117 1908 purifi-

118 1941 305 2022 catorium,
325 1941 409 2007 alba
439 1939 511 2006 sint
536 1943 573 2007 et
596 1941 810 2027 scrupulose
840 1940 988 2007 munda.
1036 1939 1113 2024 Ofr.

120 2060 223 2127 Oonc.
240 2058 346 2126 Pleu.
363 2079 400 2126 a.
420 2063 493 2125 264.

160 2252 213 2315 47.
241 2249 342 2315 Dum
369 2249 420 2315 sic
452 2227 726 2314 Sanctissimum
758 2249 933 2332 deferunt,
962 2271 1057 2316 vana
1083 2253 1118 2316 et
1212 2237 1214 2242 ’

118 2369 264 2435 inutilia
286 2368 422 2434 evitent
445 2369 640 2454 colloquia,
662 2368 732 2455 piae
747 2369 873 2456 potius
896 2370 1116 2457 contempla-

117 2490 206 2555 tioni
229 2493 265 2556 et
288 2489 442 2556 orationi
461 2490 589 2556 dantes
614 2509 772 2576 operam.
823 2489 925 2557 Oonc.
949 2490 1055 2557 Pica.
1075 2509 1112 2557 n.

117 2612 191 2675 264.

160 2768 212 2831 48.
241 2763 455 2850 Numquam
474 2763 748 2828 Sanctissimum
773 2763 1043 2828 Sacramentum
1068 2782 1117 2828 se·

71 2943 77 2956 .
117 2876 200 2952 cum
217 2884 381 2952 deferant
392 2885 602 2951 Sacerdotes
618 2904 661 2950 ea
677 2887 816 2950 tantum
831 2884 876 2951 de
892 2903 1003 2950 causa
1015 2884 1116 2970 quod

117 3009 155 3073 in
179 3007 341 3095 aliquem
367 3007 461 3074 forte
488 3011 665 3093 aegrotum
690 3006 848 3072 incidere
873 3007 1023 3094 possint,
1052 3006 1117 3072 sed

118 3127 199 3213 ejus
214 3126 349 3193 delatio
371 3126 420 3192 ad
443 3130 613 3213 urgentes
635 3130 776 3192 tantum
793 3134 921 3193 causas
942 3131 1052 3214 atque
1068 3126 1116 3191 ad

118 3251 261 3316 actuale
286 3250 474 3317 ministerii
501 3251 733 3317 sacerdotalis
765 3250 976 3316 exercitium
1002 3270 1119 3315 coarc-

118 3372 224 3436 tetur.
280 3369 411 3436 Hostia
442 3391 526 3437 vero
558 3371 675 3452 Sacra,
708 3371 739 3437 si
773 3389 847 3456 qua
878 3370 1044 3455 supersit,
1078 3369 1116 3434 in

118 3491 237 3558 reditu
253 3492 300 3557 ab
316 3493 568 3578 aegrotantium
587 3492 765 3574 domibus,
786 3491 1056 3578 quamprimum
1079 3491 1116 3556 in

120 3611 307 3678 ecclesiam
337 3613 521 3695 referatur,
558 3633 599 3678 ac
632 3617 828 3699 reponatur
857 3612 893 3675 in
923 3611 1110 3676 ciborium.

121 3730 226 3799 Ibin.
