2686 4398
212 405 250 466 10
359 415 490 462 SYNODI
511 414 840 462 OGDENSBURGENSIS
861 415 875 459 1
897 415 1058 466 uranum.

253 586 304 651 35.
329 583 539 651 Benedictio
555 582 716 650 mulieris
731 585 816 670 post
839 587 986 669 partum
1002 603 1216 671 numquam

208 706 274 772 fiat
288 708 391 772 extra
406 705 594 772 ecelesiam
610 704 669 771 vel
690 705 813 772 looum
837 704 903 770 ubi
917 703 1125 771 celebratur
1150 705 1217 771 Sa·

208 849 320 897 orum.
368 828 470 896 Oeae.
488 828 594 896 Pleu.
614 848 650 896 a.
667 831 741 895 246.

250 1060 301 1122 36.
328 1053 535 1121 Benedictio
565 1053 645 1120 haec
675 1052 846 1134 denegari
875 1051 1003 1118 debet:
1040 1056 1083 1132 1⁰,
1101 1051 1216 1118 matri

208 1175 312 1264 pueri
329 1173 509 1260 illegitimi
524 1196 532 1257 3
558 1175 600 1255 2⁰,
617 1173 763 1273 mulieri
778 1193 864 1260 quae
879 1172 1050 1239 fidelibus
1065 1173 1216 1259 praebet

208 1295 445 1377 scandalum
492 1295 533 1378 3⁰,
562 1295 707 1362 feminae
744 1314 829 1382 quae
871 1313 992 1360 coram
1038 1313 1214 1380 praeoone
1327 1326 1328 1353 t

207 1419 408 1487 acatholico
425 1419 695 1486 matrimonium
716 1417 944 1501 contraxerit,
962 1417 1034 1484 nisi
1058 1418 1212 1484 Soanda·
1327 1441 1328 1462 ¹

207 1546 283 1613 lum
301 1545 411 1612 fuerit
426 1548 645 1633 reparatum.

585 1823 747 1892 CAPUT
777 1823 823 1894 V.

502 1999 553 2048 DE
576 1998 905 2048 CONFIRMATIONE.

251 2140 303 2202 37.
332 2136 423 2206 Cum
442 2141 496 2205 tot
511 2138 583 2206 sint
597 2138 715 2206 adulti
732 2139 770 2204 in
787 2139 854 2205 hae
870 2138 1026 2206 Dioecesi
1041 2139 1210 2206 nondum
1327 2145 1329 2180 r

209 2257 500 2327 confirmationis
516 2259 747 2326 Sacramento
765 2260 904 2346 signati,
918 2259 1123 2326 animarum
1141 2261 1213 2328 On·
1329 2347 1330 2352 ἵ

208 2387 346 2452 ratores
360 2383 564 2470 impensius
587 2384 776 2451 hortamur
791 2387 842 2466 ut,
862 2389 1042 2470 quantum
1060 2383 1100 2449 in
1115 2385 1212 2472 ipsis

208 2506 329 2591 fuerit,
364 2527 488 2575 omnes
528 2508 743 2590 occasionem
782 2508 982 2596 prasertim
1022 2527 1212 2575 serrarum

208 2626 435 2711 Missionum,
446 2631 482 2696 et
496 2629 648 2694 aliarum
662 2629 897 2695 devotionum
913 2631 1077 2716 tempora
1092 2633 1213 2694 extra

209 2747 392 2816 ordinaria
406 2749 584 2836 arripiant
607 2749 656 2817 ad
681 2749 766 2816 illos
792 2749 1027 2816 instruendos
1049 2769 1091 2816 ao
1117 2769 1212 2837 prae-
1328 2777 1329 2796 ¹

209 2869 393 2956 parandos
407 2869 494 2936 huie
511 2870 741 2937 sacramento
757 2870 825 2937 rite
841 2869 1084 2956 suscipiendo,

253 3098 305 3162 38.
330 3094 576 3163 Confirmandi
592 3095 780 3163 habebunt
792 3095 972 3180 Patrinos,
986 3095 1122 3183 singuli
1138 3097 1210 3164 sin-

209 3221 327 3308 gulos.
373 3220 527 3301 Quodsi
543 3225 597 3287 tot
620 3221 746 3288 haberi
770 3225 962 3308 nequeant,
983 3222 1109 3288 saltem
1134 3222 1211 3290 duo

210 3359 278 3428 pro
305 3339 429 3427 pueris
455 3338 595 3406 Patrini
622 3345 659 3407 et
683 3341 768 3408 duae
792 3362 859 3429 pro
882 3340 1017 3428 puellis
1041 3340 1211 3410 Matrinae

210 3469 463 3538 adhibeantur.
510 3469 615 3537 Ooao.
632 3469 741 3539 Pleu.
758 3491 794 3538 o.
811 3473 884 3538 253.
