2686 4398
361 420 405 464 nn
427 419 666 465 snonnnnnrrs
688 420 729 467 In
750 420 897 468 curnam
1107 407 1128 472 ὃ

173 592 223 656 15.
244 588 402 655 Oaveant
415 589 625 655 Sacerdotes
641 610 686 656 ne
698 590 886 656 occasione
904 594 1127 661 sacramenti

126 710 405 777 administrandi
421 710 564 797 aliquid
575 731 598 776 a
609 711 780 778 fidelibus
795 713 945 800 exigant
956 718 1022 782 aut
1033 717 1139 802 quid'

125 851 168 896 ea
183 832 229 897 do
244 852 282 897 re
302 831 545 918 paciscantur.
592 831 772 898 Oaeterum
789 834 893 900 nullo
908 839 1017 921 pacto
1032 836 1125 902 inhi-

126 953 256 1020 bemus
280 953 370 1040 quin
397 955 583 1039 acceptent
609 973 652 1019 ea
675 974 760 1041 quae
786 955 912 1021 fideles
939 957 1126 1025 occasione

127 1073 350 1140 Matrimonii
373 1074 542 1141 celebrati
565 1075 622 1140 vel
649 1074 827 1162 Baptismi
849 1077 972 1143 collati
996 1086 1125 1164 sponte

129 1195 241 1282 juxta
256 1195 477 1262 laudabilem
494 1197 794 1263 consuetudinem
811 1196 969 1264 offerunt
994 1197 1031 1264 in
1059 1200 1123 1265 rni-

122 1317 320 1382 nistrorum
332 1337 516 1383 sacrorum
533 1318 842 1384 sustentationem.
889 1317 993 1386 Ooac.
1010 1319 1119 1387 Pleu.

122 1456 158 1502 a.
179 1439 253 1501 221.

167 1659 216 1720 16.
241 1655 365 1734 Quum
392 1656 514 1721 omnia
544 1655 746 1722 secundum
772 1655 935 1722 ordinem
961 1657 1039 1722 fieri
1062 1657 1122 1724 de·

122 1779 241 1859 beant,
262 1777 389 1843 nullus
413 1777 596 1856 Sacerdos,
617 1777 688 1843 nisi
710 1777 831 1863 gravis
854 1783 982 1864 urgeat
1004 1799 1122 1846 neces·

123 1901 222 1981 sitas,
254 1903 357 1966 extra
396 1899 530 1966 limites
572 1900 630 1966 sui
668 1899 856 1967 districtus
894 1900 1123 1966 Sacramenta

121 2021 374 2087 administrare
400 2025 609 2108 praesumat,
630 2014 769 2106 absque
794 2021 936 2107 proprii
960 2021 1121 2089 Pastoris

122 2147 189 2210 aut
203 2142 339 2209 Nostra
355 2143 502 2229 speciali
519 2142 674 2208 licentia.
725 2182 727 2188 .

164 2381 214 2442 17.
249 2374 490 2441 Prohibemus
520 2375 628 2441 etiam
659 2375 728 2442 sub
758 2394 870 2461 poena
892 2375 1120 2443 incurrendae

117 2496 365 2583 suspensionis
381 2515 425 2561 ne
441 2494 543 2561 ullus
558 2493 689 2561 Pastor
710 2495 836 2561 fideles
852 2515 899 2562 ex
914 2495 1034 2561 alieno
1047 2495 1119 2561 dis-

117 2619 226 2685 trictu
243 2617 476 2685 advenientes
491 2617 633 2702 absque
657 2615 796 2702 proprii
817 2636 942 2682 eorum
958 2614 1120 2682 Pastoris

117 2739 265 2805 licentia
297 2737 530 2803 Matrimonio
557 2738 765 2822 conjungat,
796 2741 861 2803 aut
887 2736 1043 2803 infantes
1070 2758 1117 2803 ex

116 2861 267 2927 alterius
293 2858 456 2924 Pastoris
494 2857 662 2924 districtu
691 2858 823 2924 allatos
850 2858 1016 2944 baptizet,
1048 2857 1119 2923 nisi

118 2982 289 3068 proprius
314 2979 444 3046 Pastor
468 2979 611 3045 diutius
636 2977 833 3044 abfuturus
861 2979 917 3060 sit,
941 2984 976 3044 et
997 2979 1118 3065 gravis

117 3103 192 3169 sive
216 3101 396 3189 Baptismi
430 3101 505 3167 siva
539 3099 767 3186 Nuptiarum
801 3098 968 3164 dilationi
999 3099 1117 3166 obstet

116 3224 219 3291 ratio.
265 3223 406 3289 idcirco
423 3222 468 3288 de
484 3242 552 3288 suo
568 3220 753 3287 domicilio
769 3220 1012 3307 interrogandi
1030 3223 1116 3287 sunt

115 3345 181 3433 qui
211 3345 426 3410 alterutrum
465 3342 595 3408 horum
628 3340 940 3406 Sacramentorum
973 3344 1110 3426 petunt,

115 3466 186 3532 nisi
202 3465 247 3532 de
271 3486 313 3530 eo
337 3464 485 3530 aliunde
512 3462 709 3529 clarissime
737 3463 884 3539 constet,
907 3463 941 3526 et
968 3461 1114 3526 domici-

114 3590 203 3655 lium
221 3591 275 3654 est
293 3588 329 3652 iu
347 3586 512 3672 Regestis
529 3584 740 3650 notandum.
789 3581 864 3666 Osr.
883 3582 986 3649 Oortc.
1004 3582 1113 3650 Plora

114 3731 150 3777 rc.
168 3715 242 3776 117.
