2686 4398
437 401 550 446 runnu
572 400 840 447 Anrnaamrcus.
1100 387 1138 448 st

1080 545 1138 589 PAO.

139 615 316 678 Donatum
337 660 1051 679 ....................................
1099 617 1139 677 34

180 697 228 758 Eo
237 699 404 777 pereuntes
413 695 582 776 privantur
589 694 798 758 ecclesiastica
807 696 978 776 sepultura.
989 698 1056 757 119.

93 927 96 933 ,
139 857 312 920 Ecccasrr
338 903 1051 921 ....................................
1120 859 1139 918 2

181 939 284 1000 Extra
298 936 472 999 Ecclesiam
488 957 581 999 nemo
598 938 746 999 salvatur.
768 941 795 997 5.

138 1100 318 1162 Eocnnsrm
337 1145 1050 1163 ....................................
1100 1101 1141 1161 34

181 1181 282 1243 Nulla
292 1180 487 1252 adificanda
503 1180 686 1241 notabiliter
701 1179 857 1241 mutanda
872 1183 929 1240 aut
943 1180 1058 1242 debitis

221 1261 382 1322 oneranda
397 1261 463 1322 sine
478 1260 608 1322 licentia
619 1260 778 1340 Episcopi.
800 1263 868 1335 122,
885 1263 953 1323 123.

181 1341 331 1483 Eoplcsiae
353 1342 446 1402 rebus
468 1361 516 1403 res
538 1360 611 1403 suas
635 1362 676 1403 ne
700 1341 927 1404 commisceant
953 1341 1059 1404 Sacer-

244 1425 409 1485 2222128.

140 1575 144 1582 ,
184 1503 304 1565 Salaria
330 1503 370 1564 ab
393 1502 520 1564 ecclesia
541 1502 657 1564 debent
684 1503 856 1584 quotannis
879 1503 979 1584 accipi
1001 1515 1058 1566 aut

222 1604 310 1646 secus
324 1583 462 1645 ecclesiae
480 1583 601 1646 donari.
628 1586 695 1645 131.

183 1665 283 1726 Extra
297 1663 459 1727 ecclesiam
474 1683 539 1724 non
551 1665 733 1726 conferatur
746 1664 931 1744 Baptismus
941 1665 1057 1745 absque
1116 1670 1121 1680 “

221 1746 310 1826 gravi
326 1763 427 1806 causa.
450 1747 498 1805 30.

181 1827 293 1907 Neque
307 1833 397 1888 extra
411 1844 481 1886 eam
493 1826 699 1887 benedicatur
713 1845 875 1906 puerpera.
898 1830 946 1887 35.

183 1907 325 1969 Ecclesia
346 1906 413 1986 jam
437 1906 527 1967 A.D.
555 1909 643 1980 1749,
660 1907 850 1988 Ogdensbur
874 1906 879 1918 '
905 1906 1060 1968 aedificata

224 1989 282 2050 sub
297 1987 392 2048 titulo
412 1992 430 2021 “
446 1985 704 2049 Praesentationis
727 1987 832 2050 Beatae
893 1987 966 2049 ariae
987 1987 1060 2050 Vir·

222 2068 339 2150 ginis.'’
382 2069 464 2146 App.
480 2067 504 2126 l.

140 2230 394 2292 consummas
401 2275 1053 2293 .................................
1121 2235 1141 2293 3

182 2311 406 2452 Inqprotbarugm
420 2309 515 2371 lectio
530 2313 656 2374 vetetur
664 2330 673 2387 ;
704 2311 795 2372 bonae
810 2329 883 2373 vero
898 2329 1059 2372 commen-

245 2411 284 2452 en
302 2411 348 2452 ur.
394 2435 401 2450 .

140 2552 392 2614 Eucnnnrsrrm
408 2553 672 2613 Sacarrrnuruu
679 2597 1049 2616 ...................
1098 2556 1136 2615 11
1209 2619 1212 2625 ,

182 2633 310 2709 Quanta
324 2652 398 2695 cum
412 2633 588 2695 reverentia
602 2633 645 2694 sit
658 2632 873 2694 tractandum.
895 2636 943 2694 39.

183 2715 223 2776 In
239 2733 303 2776 uno
318 2719 449 2778 tantum
463 2714 532 2776 loco
547 2712 684 2774 ecclesiae
695 2717 881 2776 asservetur.
908 2717 955 2776 49.

184 2794 352 2870 Quomodo
364 2794 619 2858 custodiendum.
641 2797 689 2855 50.

184 2876 321 2955 Lampas
335 2884 392 2938 aut
407 2876 518 2938 saltem
540 2875 649 2936 lumen
671 2873 798 2956 aliquod
820 2893 927 2936 coram
951 2893 986 2936 eo
1010 2875 1059 2940 lu·

182 2961 502 3119 Pacretictilff‘singulis
517 3035 654 3098 octiduis
668 3034 865 3099 renovandae.
892 3040 939 3098 51.

183 3118 334 3180 Visitatio
358 3117 556 3181 Sanctissimi
585 3116 782 3179 sacramenti
812 3117 1060 3179 commendetur.

184 3201 352 3352 Qriirlmodo
367 3280 409 3342 sit
423 3280 463 3341 ad
478 3279 621 3340 infirmos
635 3278 852 3341 deferendum.
883 3278 1060 3342 1712120212-

225 3375 350 3422 murtro

142 3509 300 3572 Exrunu
321 3555 631 3572 ................
634 3522 637 3527 ·
644 3555 1056 3572 .....................
1103 3513 1143 3572 39

187 3590 369 3653 Sacerdotes
384 3590 423 3651 ab
438 3609 523 3651 anno
547 3592 624 3653 1871
647 3589 787 3650 ordinati
802 3609 859 3670 per
882 3588 1061 3670 quinquen·

227 3671 317 3732 nium
332 3690 463 3732 examen
480 3669 643 3732 subibunt.
669 3673 737 3733 137.

186 3751 329 3813 Materia
343 3751 498 3813 examinis
512 3751 611 3831 hujus
625 3751 858 3814 describuntur.
900 3750 985 3831 App.
1000 3751 1058 3815 VI.
