2686 4398
204 419 249 463 nu
275 419 499 464 srucrrssruo
522 418 749 464 sncsnururo
771 418 1023 464 nncnlnrsrrm.
1082 404 1120 462 11

500 683 661 752 CAPUT
684 683 749 754 VI.
888 707 890 711 ·

168 859 220 907 nn
243 859 492 908 slucrrssrrco
518 859 773 908 sncnnunuro
796 857 1078 910 nucusrusrrru.

170 1001 211 1064 39
254 997 473 1065 “Omnibus
521 999 671 1086 quidem
716 997 887 1067 Ecclesiae
925 999 1124 1069 Catholicae

128 1118 365 1186 Sacramentis
379 1120 546 1208 religiose
564 1125 759 1209 sancteque
777 1123 975 1190 tractandis
991 1143 1123 1211 magna

126 1261 167 1307 ac
184 1240 339 1328 diligens
362 1261 449 1308 cura
472 1241 679 1309 adhibenda
695 1247 771 1327 est,
797 1244 861 1310 sed
876 1245 1061 1332 praecipue
1085 1247 1124 1312 in

124 1361 412 1453 administrando
427 1381 469 1428 ac
485 1362 719 1450 suscipiendo
736 1363 969 1431 Sanctissimo
985 1363 1126 1432 Eucha

124 1485 236 1552 ristiae
261 1485 501 1568 SacramentO,
521 1506 597 1573 quo
621 1486 713 1552 nihil
736 1487 893 1574 dignius,
913 1487 1006 1553 nihil
1023 1507 1123 1554 sanc-

125 1606 201 1671 tius
216 1608 251 1670 et
270 1603 523 1670 admirabilius
546 1605 655 1671 habet
674 1603 836 1672 Ecclesia
851 1603 940 1672 Dei:
978 1626 1060 1672 cum
1083 1606 1123 1672 in

122 1747 165 1794 eo
197 1726 428 1793 contineatur
464 1726 691 1812 praecipuum
735 1729 769 1793 et
806 1727 1008 1794 maximum
1053 1728 1122 1796 Dei

123 1847 271 1928 donum,
286 1849 322 1912 et
336 1845 489 1932 ipsemet
505 1845 621 1911 omnis
636 1846 762 1932 gratiae
778 1851 814 1912 et
829 1848 1028 1916 sanctitatis
1040 1849 1124 1916 fons

123 1975 321 2057 auctorque
337 1970 361 2038 J
363 1990 448 2037 esus
463 1969 663 2038 Christus.''
712 1971 791 2038 Bit.
804 1973 909 2039 Rom.
929 1985 933 1993 “

166 2155 218 2216 40.
243 2150 452 2217 Sacerdotes
466 2150 578 2236 igitur
598 2169 740 2217 omnem
764 2151 1045 2220 sollicitudinem
1060 2175 1124 2241 po

124 2279 212 2342 nant
227 2275 265 2342 in
281 2275 516 2342 observandis
531 2274 576 2341 iis
592 2273 869 2361 omnibus,'quae
884 2278 965 2342 tum
979 2276 1018 2342 in
1033 2276 1121 2344 Mis-

123 2395 200 2476 sali,
231 2398 310 2460 tum
334 2393 372 2460 in
400 2393 542 2460 Rituali
574 2394 619 2460 de
648 2394 719 2460 hoc
750 2395 978 2462 Sacramento
1008 2401 1119 2484 atque

121 2511 246 2579 altaris
270 2510 452 2577 Sacrificio
475 2509 543 2577 rite
569 2512 730 2595 colende,
751 2514 991 2581 custodiendo
1007 2519 1042 2582 et
1056 2517 1119 2582 ad·

122 2629 362 2697 ministrando
407 2630 615 2716 peragenda
657 2633 953 2732 praescribuntur,
991 2635 1042 2702 ita
1079 2641 1122 2704 ut

120 2753 247 2820 fideles
276 2751 371 2818 illud
406 2755 527 2818 sancte
551 2753 752 2839 suscipiant
778 2755 960 2844 digneque
986 2759 1118 2828 colant.

127 2873 229 2941 Oooc.
240 2872 348 2940 Pleu.
360 2891 397 2940 o.
414 2875 488 2939 265.

164 3039 217 3102 41.
241 3035 409 3122 Tempus,
430 3055 504 3121 quo
520 3040 745 3123 praeceptum
763 3058 896 3108 annuae
912 3041 1121 3112 Communi-

122 3159 201 3224 onis
227 3156 372 3244 impleri
396 3156 523 3244 possit,
552 3178 574 3224 a
599 3159 716 3246 prima
739 3159 932 3230 Dominica
957 3164 1121 3245 Quadra·

120 3277 267 3366 gesimae
283 3276 331 3342 ad
346 3275 575 3343 Dominicam
592 3279 651 3345 SS.
665 3279 848 3350 Trinitatis
863 3283 1040 3356 inclusive
1055 3310 1125 3377 pro

121 3397 346 3466 nostratibus
360 3401 597 3484 prorogatur,
623 3400 687 3467 sed
702 3421 826 3470 omnes
842 3404 967 3473 fideles
982 3407 1030 3474 ad
1053 3409 1120 3478 fre·

122 3520 292 3606 quentem
309 3515 612 3585 Communionem
638 3523 673 3587 et
701 3521 922 3591 Sacramenti
947 3526 1121 3598 visitatio·

121 3659 205 3706 nem
220 3637 331 3704 verbo
346 3638 381 3703 et
393 3639 725 3728 exemplolinvitari
740 3665 814 3712 non
830 3654 977 3717 cessent.
1017 3651 1121 3721 Ooac.

123 3758 228 3826 Plca.
242 3777 307 3825 oo.
324 3759 398 3840 257,
417 3760 491 3826 259.
