2716 4412
208 409 247 470 ta
508 415 621 462 uranx
642 412 910 460 sarnaanncus.

1147 543 1208 590 PAG-

208 617 367 680 Murucn
383 627 572 675 suaa1n1un
588 655 1099 675 .........................
1166 619 1209 678 38

250 697 388 760 Societas
397 694 431 756 Μ
435 695 505 754 utui
518 690 650 754 subsidii
661 689 1043 754 commendaturclericis.
1058 697 1127 756 135.

209 858 426 920 Nauorum
448 898 1119 918 ..................................
1166 860 1206 919 41

250 939 443 1001 Prohibetur
456 934 587 996 clericis.
614 935 682 994 142.

207 1081 738 1162 NurarcnsetOBsrararcas...'
747 1141 1118 1160 ..................
1188 1102 1208 1164 ¹7

249 1181 359 1244 Sciant
373 1181 534 1259 baptizare
549 1177 583 1237 in
599 1175 793 1238 necessitate.
815 1179 863 1239 25.

208 1342 348 1405 Occrsrc
364 1383 1117 1402 ......................................
1165 1345 1205 1404 33

249 1424 288 1484 Sc
302 1421 387 1502 ipsos
401 1418 578 1482 occidentes
598 1418 768 1498 privantur
790 1417 1000 1481 ecclesiastica
1021 1420 1123 1500 sepul·

286 1506 367 1563 tura
390 1504 459 1562 119.

207 1664 353 1729 Orrrcrn
369 1662 506 1726 Drvrua
525 1706 1117 1726 ..............................
1165 1667 1204 1726 25

247 1745 353 1826 Digne
369 1744 436 1804 Deo
451 1745 652 1823 peragantur.
675 1744 722 1802 88.

247 1826 345 1887 Hora·
364 1829 546 1904 opportuna
568 1841 666 1902 eaque
690 1821 819 1900 praecisa
844 1821 1048 1897 inchoentur,
1063 1842 1121 1886 nec

288 1906 410 1968 diutius
425 1904 661 1986 protrahantur.
684 1906 731 1963 91.
1104 1953 1111 1963 ,

246 1987 350 2050 Juxta
366 1985 502 2048 Missaiis
523 1988 555 2047 et
577 1982 812 2045 Gaeremcnialis
827 1982 1012 2063 prascripta
1032 1983 1121 2046 fiant.

247 2072 522 2228 ngadpraescripta
544 2147 621 2207 sunt
641 2144 676 2205 in
690 2144 1073 2235 liturgia'perfcrmentur
1086 2144 1120 2206 in

286 2231 397 2310 lingua
411 2227 536 2289 Latina
560 2229 627 2286 101.

247 2309 434 2391 Optandum
449 2311 487 2369 ut
501 2307 566 2387 ipse
581 2306 718 2386 populns
732 2304 852 2368 Divina
867 2304 981 2368 Officia
994 2309 1122 2368 eantare

284 2390 461 2453 edoceatur.
484 2392 552 2449 100.

204 2552 301 2617 Onna
318 2551 434 2613 sicar
442 2593 1113 2612 ..................................
1184 2554 1202 2612 6

244 2634 277 2694 N
279 2653 337 2694 ova
350 2651 447 2711 quam
461 2629 602 2710 primum
624 2629 812 2703 habeantur,
827 2641 859 2689 et
873 2633 979 2692 vetera
992 2630 1121 2691 combu-

284 2719 405 2774 rantur.
426 2715 475 2773 21.

203 2876 300 2938 Onne
321 2871 591 3016 SSacramentum)
601 2915 1111 2935 ..........................
1160 2875 1200 2934 20

242 2957 320 3020 Uta
353 2974 426 3016 eum
441 2952 678 3033 suscipiendum
693 2950 853 3012 ducantur
867 2949 972 3012 idonei
984 2951 1118 3031 juvenes

283 3056 301 3099 a
314 3035 497 3098 Pastoribus
511 3043 543 3096 et
558 3031 744 3114 parentibus
758 3037 806 3093 est
820 3031 1007 3093 curandum.
1032 3035 1078 3096 71.

202 3216 424 3277 Pnaannura
431 3255 1043 3275 ...............................
1069 3212 1118 3285 25,
1160 3213 1199 3273 26

243 3295 433 3356 Habeantur
467 3312 502 3355 ea
543 3310 613 3373 quaa
655 3293 732 3353 sunt
766 3289 949 3364 necessaria,
985 3292 1018 3352 et
1052 3290 1118 3352 sint

283 3375 412 3437 munda.
434 3378 481 3436 90.

201 3538 373 3600 Pssrcaas
397 3577 1111 3599 ....................................
1157 3535 1196 3594 29

240 3617 366 3681 Unicus
381 3617 441 3680 erit
464 3615 513 3678 sin
537 3614 601 3676 ulia
626 3611 825 3674 districtibus
843 3611 1044 3693 praepoaitus,
1062 3612 1115 3674 cui

281 3700 438 3760 suberunt
452 3634 713 3758 aliidacerdotes.
740 3697 809 3755 105.

241 3778 313 3850 Qua
327 3779 447 3840 ratione
462 3778 528 3838 sint
541 3775 732 3836 amovibiles.
755 3777 822 3835 106.
