2686 4398
419 428 533 491 runnu
554 427 823 475 aaruauurrcus.
1080 420 1118 479 61

161 591 201 654 In
227 610 292 654 uno
320 591 501 656 bannorum
530 590 657 673 quando
686 591 828 654 sacerdos
856 591 1037 673 dispensare
1058 570 1118 615 Μ’

225 673 310 735 ossit
332 675 379 735 28.
664 717 665 720 ,

162 692 363 833 Ogteroquin
386 772 444 834 pro
469 753 703 833 dispensatione
727 752 767 822 ad
782 752 976 835 Episcopum
991 775 1038 820 re·

198 833 392 896 currendum
406 853 462 914 per
477 833 718 896 Oancellarium.
741 837 789 906 85,
805 837 852 895 86.

162 913 251 976 Taua
266 914 415 976 solvenda
428 933 485 994 pro
500 914 557 976 tali
578 913 821 994 dispensatione.
843 918 890 979 82.

161 994 417 1076 Dispensaticnas
447 995 584 1056 obtentae
605 994 640 1055 in
662 995 792 1074 regestis
813 996 968 1060 notandae.
991 1001 1038 1062 86.

119 1211 315 1273 Bsrrrsrrus
338 1256 1032 1278 ...................................
1101 1219 1121 1281 7

160 1291 270 1354 Cuivis
285 1292 398 1354 idoneo
413 1291 662 1354 administretur.
685 1295 732 1353 24.

160 1372 249 1435 Laici
264 1372 397 1434 docendi
413 1373 545 1434 modum
566 1371 812 1434 administrandi
834 1373 1039 1454 Baptismum

200 1453 370 1534 privatum.
392 1457 440 1515 25.

160 1533 356 1596 Moneantur
370 1534 476 1596 fideles
491 1534 530 1595 de
545 1532 736 1615 obligatione
750 1535 945 1614 procurandi
955 1537 1037 1617 Bap-

200 1614 334 1676 tismum
350 1615 537 1676 infantibus.
561 1618 609 1675 26.

161 1695 281 1757 Contra
302 1696 494 1759 foetioidium
514 1700 644 1775 propter
664 1694 748 1757 hanc
769 1695 925 1758 rationem
941 1698 1039 1760 etiam

200 1777 455 1856 premuniantur.
477 1779 525 1837 26.

95 1938 99 1948 Ι
159 1855 296 1930 Quando
317 1857 567 1920 acatholicorum
591 1855 732 1918 infantes
757 1857 821 1918 sint
844 1859 1037 1939 baptizandi.

160 2017 199 2080 In
222 2018 335 2159 rnplrtis
362 2018 503 2099 periculo
538 2017 642 2099 quivis
667 2017 807 2081 infantes
835 2024 912 2081 sunt
937 2019 1039 2100 bapti·

200 2119 258 2160 zan
282 2100 303 2160 i.
329 2102 378 2161 28.

160 2179 309 2242 Minister
331 2178 520 2242 Ordinarius
543 2178 699 2259 Baptismi
720 2184 768 2241 est
788 2180 902 2243 Pastor
923 2181 957 2242 in
980 2199 1038 2244 suo

199 2259 358 2322 districtu.
383 2263 429 2324 12.

160 2340 266 2403 Poenae
281 2341 495 2421 suspensionis
515 2359 546 2402 se
569 2346 736 2420 exponunt
760 2341 815 2422 qui
838 2341 978 2403 infantes
1000 2361 1038 2404 ex

200 2421 303 2483 alieno
318 2421 465 2483 districtu
481 2427 597 2482 temere
612 2421 784 2500 baptizant
809 2425 855 2485 12.

159 2501 342 2564 Honoraria
356 2502 519 2564 occasione
543 2501 700 2581 Baptismi
721 2502 856 2565 infantis
877 2523 914 2565 ex
931 2503 1037 2565 alieno

200 2583 348 2644 districtu
363 2588 488 2662 recepta
502 2584 595 2645 titulo
609 2583 752 2664 ,justitie
767 2584 895 2664 proprio
911 2583 1036 2646 Pastori

202 2663 456 2725 transmittenda.
485 2666 532 2724 18.

159 2744 245 2886 F⁰J1¹⁸
270 2745 466 2826 baptismalis
487 2744 520 2805 in
544 2763 735 2824 unaquaque
759 2744 896 2806 ecclesiae
916 2745 1037 2826 erigen-

226 2844 272 2886 us.
294 2828 341 2886 29.

159 2906 343 2985 Baptismus
358 2905 392 2966 in
407 2904 537 2968 ecclesia
550 2904 769 2966 conferendus.
791 2907 839 2966 29.

159 2986 200 3048 In
215 2986 336 3048 adibus
350 2986 483 3067 privatis
498 2986 572 3047 licet
591 2986 795 3066 Baptismum
817 2985 958 3047 conferre
972 2987 1034 3068 pri·

201 3073 310 3128 vatum
326 3068 366 3128 ob
382 3069 494 3128 mortis
508 3067 693 3147 periculum.
716 3069 763 3127 30.
1020 3139 1023 3148 Ι

159 3146 351 3210 Solemniter
365 3167 438 3209 eum
454 3147 642 3228 quandoque
664 3148 808 3209 conferre
827 3147 902 3210 licet
916 3147 947 3211 in
963 3148 1036 3210 aedi-

200 3229 259 3289 bus
273 3229 413 3308 privatis.
435 3231 483 3289 31.

158 3308 235 3370 Non
251 3309 422 3390 exigantur
436 3308 610 3370 oblationes
621 3328 678 3389 pro
689 3308 859 3370 collatione
871 3309 1037 3390 Baptismi.

158 3469 255 3533 Unus
270 3471 382 3532 saltem
397 3471 543 3550 patrinus
559 3469 768 3532 adhibendus.
789 3472 837 3535 34.

160 3550 300 3626 Quinam
315 3552 354 3613 ab
368 3551 428 3613 hoc
444 3570 574 3612 munere
588 3550 808 3612 excludantur.
829 3553 877 3612 34.

159 3632 199 3693 In
216 3632 381 3712 Baptismo
395 3632 570 3692 infantium
581 3630 830 3692 acatholicorum
846 3630 965 3711 patrini
976 3629 1034 3692 Oa·

201 3713 312 3786 tholici
326 3711 514 3774 habeantur.
536 3715 584 3775 22.
