2686 4398
222 423 239 482 6
373 436 503 485 SYNODI
524 437 851 487 OGDENSBURGENSIS
872 440 887 485 1
909 441 1066 487 STATUTA.

266 609 316 672 18.
340 605 545 673 Honoraria
559 607 605 674 ab
620 606 750 675 alienis
772 607 1004 695 parochianis
1031 607 1095 676 tali
1119 609 1222 675 mini-

222 735 361 801 strandi
383 735 572 801 occasione
587 735 709 802 oblata
727 737 878 824 proprio
901 736 1111 804 eorumdem
1133 734 1221 803 Pas·

220 865 291 931 tori
307 862 416 931 tituto
429 863 597 948 justitior
619 862 657 929 in
673 863 854 950 integrum
870 863 1013 931 restitui
1033 863 1221 950 jubemus.

263 1054 315 1117 19.
333 1050 488 1131 Quando
502 1051 731 1118 Sacramenta
742 1051 779 1118 in
792 1051 952 1119 ecclesiis
963 1054 1029 1118 aut
1040 1070 1087 1118 ex
1102 1070 1209 1118 neces

221 1171 326 1239 sitate
340 1172 379 1238 in
397 1172 556 1260 propriis
573 1171 716 1239 aedibus
744 1171 946 1239 Sacerdotis
969 1171 1215 1257 conternntur,

219 1293 391 1360 volumus
413 1298 457 1360 ut
479 1292 588 1360 vestis
604 1292 729 1361 talaris
745 1295 781 1359 et
796 1291 1100 1380 superpelliceum
1117 1291 1219 1360 adhi-

218 1413 328 1508 beant
313 1416 373 1478 tur
387 1415 424 1478 et
438 1413 598 1498 desuper
614 1411 708 1479 stola
727 1411 809 1498 ejus
826 1410 958 1478 coloris
974 1430 1083 1498 quem
1096 1411 1219 1478 Sacra·

218 1503 392 1598 menti't
344 1552 374 1597 r1
377 1535 437 1598 tus
453 1531 629 1618 exposcit.
605 1529 781 1598 t.Oorcc
799 1530 905 1599 Pleu.
924 1549 989 1599 aa.
1006 1533 1079 1613 149,
1096 1533 1170 1597 293.

261 1739 312 1802 20.
344 1736 526 1817 Quando
517 1757 553 1804 m
570 1737 712 1805 aedibus
728 1737 880 1825 privatis
903 1738 1133 1805 Sacramenta
1154 1739 1218 1806 ad·

217 1860 478 1943 ministrantur,
506 1860 631 1927 eadem
659 1880 761 1928 sacra
792 1860 1015 1943 indumenta,
1036 1868 1218 1949 quantum

216 1984 293 2051 fieri
315 1985 458 2072 poterit,
479 1985 743 2070 adhibeantur;
779 1987 873 2053 stola
895 1987 1023 2054 saltem
1053 1987 1092 2054 in
1118 1989 1218 2056 omni

217 2125 304 2173 casu
332 2105 525 2190 deferatur,
553 2106 623 2174 nisi
648 2105 840 2174 necessitas
863 2106 902 2174 id
928 2128 1080 2196 prorsus
1103 2109 1217 2197 impe·
1331 2093 1332 2184 ἶ

216 2225 302 2293 diat.

259 2417 311 2480 21.
343 2413 480 2482 Curent
502 2413 673 2481 Pastores
704 2417 747 2481 ut
769 2413 858 2482 Olea
880 2435 981 2483 sacra
1002 2417 1155 2486 FeriaV
1178 2419 1217 2486 in

216 2535 331 2604 Omna
346 2534 495 2602 Domini
516 2535 711 2622 quotannis
734 2537 780 2602 ab
803 2534 987 2623 Episcopo
1009 2543 1218 2605 consecrata

215 2655 489 2743 quamprimum
513 2655 681 2737 habeant,
702 2657 738 2723 et
760 2658 848 2724 tnnc
867 2657 987 2724 vetera
1002 2659 1215 2726 comburan-

216 2775 286 2840 tur.
332 2771 409 2840 nrt.
426 2775 533 2842 Rom.
551 2772 668 2840 Rubr.
684 2773 844 2859 penerel.

258 2960 310 3024 22.
342 2956 385 3024 In
410 2958 540 3045 quavis
556 2957 870 3025 Sacramentomm
886 2958 1211 3046 administratione,

217 3077 365 3145 Ritnale
381 3078 601 3161 Romanum,
629 3078 737 3164 cnjus
760 3077 877 3146 omnis
901 3077 1077 3147 Sacerdos
1099 3082 1214 3169 possi-

216 3197 300 3264 dere
323 3196 469 3264 deberet
490 3197 687 3285 exemplar,
706 3201 773 3263 aut
802 3197 929 3264 saltem
956 3199 1214 3287 compendium

216 3317 391 3406 ejusdem,
403 3316 611 3384 Baltimorae
626 3316 765 3383 editum
782 3320 818 3384 et
828 3336 851 3383 a
866 3317 1036 3405 pluribus
1052 3320 1215 3390 conciliis

215 3435 468 3522 approbatum,
488 3433 615 3501 nullus
638 3452 710 3499 non
728 3431 1002 3520 diligentissime
1026 3441 1211 3526 sequatur.

259 3639 312 3702 23.
329 3633 539 3703 Sacerdotes
555 3653 690 3718 omnes,
707 3633 843 3722 quibus
857 3635 1040 3704 missionis
1054 3637 1214 3726 alicuius
1326 3713 1327 3722 ,

218 3777 306 3825 cura
320 3757 514 3824 commissa
528 3759 592 3838 est,
608 3755 723 3825 libros
738 3755 872 3825 habore
887 3755 1023 3826 debent
1044 3759 1083 3826 in
1106 3757 1212 3828 Ritu-
