2686 4398
228 399 246 458 2
383 411 514 458 SYNODI
536 406 865 456 OGDENSBURGENSIS
887 408 901 452 1
919 405 1075 452 STATUTA.

605 593 766 716 onrur
789 645 838 714 Π.

511 823 564 872 Du
586 823 679 872 FIDE
702 819 928 870 OATHOLIOA.

267 962 298 1023 4.
315 957 438 1038 Quum
453 959 476 992 “
487 956 562 1024 sine
574 955 646 1022 fide
662 953 887 1042 impossibile
900 952 947 1021 sit
958 952 1100 1039 placere
1112 951 1194 1017 Deo
1204 951 1226 984 '’

224 1083 345 1167 (Hebr.
364 1083 413 1149 xi.
430 1082 475 1168 6),
490 1081 692 1148 animarum
715 1079 883 1147 Pastores
899 1099 1041 1164 gregem
1064 1076 1133 1143 sibi
1149 1062 1225 1144 cre-

225 1203 342 1270 ditum
367 1201 471 1269 Fidei
488 1199 686 1268 (latholicae
710 1200 865 1287 pretium
888 1197 1141 1266 inaestimabile
1159 1197 1226 1264 do-

224 1326 337 1406 ceant,
352 1324 506 1410 eJ'usque
522 1324 646 1388 sancta
665 1320 838 1409 principia
854 1319 1018 1387 omnium
1035 1319 1220 1400 cordibus,

223 1449 425 1536 praesertim
436 1447 651 1535 Juventutis
664 1446 780 1533 magis
796 1445 986 1532 magisque
1000 1465 1068 1532 pro
1083 1444 1225 1512 viribus

223 1567 445 1656 imprimant.
495 1566 596 1634 Ooac.
613 1565 721 1634 Plea.
737 1585 774 1634 a.
791 1569 844 1632 13.

266 1743 297 1808 5.
324 1741 488 1808 Doceant
510 1715 682 1806 Pastores
713 1739 759 1806 de
783 1739 854 1806 fide
884 1757 962 1805 esse
994 1743 1098 1804 extra
1120 1738 1222 1825 Apo-

224 1861 388 1928 stolicam
407 1859 609 1926 Romanam
626 1858 824 1926 Ecclesiam
843 1858 985 1926 salvum
1009 1856 1087 1924 fieri
1110 1859 1221 1925 nemi·

222 2001 305 2048 nem
322 1999 440 2068 posse,
456 1999 592 2067 eosque
615 1985 748 2051 certam
775 1978 845 2047 sibi
870 1979 1138 2046 damnationem
1165 1999 1224 2046 ac·
1331 2003 1332 2040 r

222 2103 375 2190 quirem,
386 2101 451 2189 qui
467 2102 615 2190 propria
639 2103 749 2190 culpa
765 2106 870 2169 extra
893 2121 972 2168 earn
991 2121 1038 2168 ex
1056 2101 1124 2167 hac
1147 2102 1226 2168 vita
1331 2158 1332 2175 ,

221 2229 415 2298 decedunt.
468 2227 571 2296 Ooac.
591 2227 699 2296 Pleu.
719 2248 756 2296 a.
772 2230 801 2295 5.
872 2223 874 2228 ’

265 2383 295 2450 6.
322 2381 417 2448 Hinc
432 2380 778 2449 Indifferentismum
805 2383 906 2449 inre
934 2382 1130 2470 Religiosa,
1155 2403 1222 2450 seu
1330 2431 1331 2457 2

222 2529 374 2599 pravam
390 2509 490 2576 illam
513 2509 721 2597 opinionem
737 2528 822 2598 quae
838 2513 935 2578 tenet
958 2530 1082 2578 omnes
1109 2510 1223 2578 homi-

190 2651 296 2736 ¹nes,
320 2631 505 2718 quidquid
542 2631 699 2712 credant,
734 2634 904 2699 aetemam
928 2653 1035 2720 posse
1065 2632 1221 2700 salutem
1329 2651 1330 2666 ¹

221 2775 441 2844 comparare,
455 2756 565 2824 modo
577 2762 694 2824 mores
709 2757 757 2824 ad
769 2757 857 2824 recti
872 2756 1089 2845 honestique
1101 2778 1223 2826 mores

221 2876 425 2964 exigantur,
440 2877 478 2943 in
495 2877 572 2944 suis
588 2877 777 2966 principiis
792 2878 960 2965 persequi
977 2898 1050 2945 non
1066 2883 1217 2964 cessent,
1328 2899 1329 2960 ς

221 3001 257 3064 et
269 3001 445 3084 tanquam
457 3018 612 3065 errorem
626 2999 922 3066 exitiosissimum
932 3020 956 3067 a
966 3000 1110 3089 populo
1119 2999 1220 3068 fideli

221 3117 424 3205 propellere
439 3121 576 3186 curent.
623 3117 727 3186 Oeae.
740 3117 849 3187 Pleu.
865 3139 902 3188 a.
917 3123 969 3186 28.

263 3275 294 3340 7.
318 3271 550 3340 Meminerint
571 3273 706 3342 idcirco
730 3275 949 3344 Confessarii
964 3279 1000 3344 et
1014 3277 1218 3346 animarum

222 3391 417 3460 Curatores
446 3413 533 3462 snos
556 3395 705 3463 edocere
728 3415 839 3483 qnam
865 3397 1012 3482 malum,
1032 3419 1219 3487 quamque

220 3512 469 3602 periculosum
485 3513 533 3582 sit
547 3515 739 3583 conciones
751 3515 1012 3586 Haereticorum
1027 3525 1092 3587 aut
1104 3519 1221 3590 Schis

220 3632 436 3702 maticorum
459 3634 596 3714 andire,
613 3635 669 3702 vel
685 3656 810 3704 eornm
833 3639 1014 3706 exercitiis
1033 3639 1215 3724 interesse,
1325 3675 1326 3688 κ

219 3773 453 3844 quocumque
470 3755 507 3822 id
523 3755 587 3823 liat
602 3761 794 3846 praetextu.
