<?xml version="1.0" encoding="UTF-8"?>
<!DOCTYPE html PUBLIC "-//W3C//DTD XHTML 1.0 Transitional//EN"
    "http://www.w3.org/TR/xhtml1/DTD/xhtml1-transitional.dtd">
<html xmlns="http://www.w3.org/1999/xhtml" xml:lang="en" lang="en">
 <head>
  <title>
</title>
<meta http-equiv="Content-Type" content="text/html;charset=utf-8" />
  <meta name='ocr-system' content='tesseract 3.04.00' />
  <meta name='ocr-capabilities' content='ocr_page ocr_carea ocr_par ocr_line ocrx_word'/>
</head>
<body>
  <div class='ocr_page' id='page_1' title='image "./statutadioecese00wadhgoog_0014.png"; bbox 0 0 2686 4398; ppageno 0'>
   <div class='ocr_carea' id='block_1_1' title="bbox 468 879 839 958">
    <p class='ocr_par' dir='ltr' id='par_1_1' title="bbox 468 879 839 958">
     <span class='ocr_line' id='line_1_1' title="bbox 468 879 839 958; baseline 0.005 -2"><span class='ocrx_word' id='word_1_1' title='bbox 468 879 839 958; x_wconf 78' lang='lat' dir='ltr'><strong>PROOEMIUM.</strong></span> 
     </span>
    </p>
   </div>
   <div class='ocr_carea' id='block_1_2' title="bbox 152 1285 1158 3798">
    <p class='ocr_par' dir='ltr' id='par_1_2' title="bbox 152 1285 1158 3798">
     <span class='ocr_line' id='line_1_2' title="bbox 211 1285 1149 1370; baseline -0.01 -13"><span class='ocrx_word' id='word_1_2' title='bbox 211 1287 365 1358; x_wconf 70' lang='lat' dir='ltr'>concilii</span> <span class='ocrx_word' id='word_1_3' title='bbox 387 1287 662 1354; x_wconf 90' lang='lat' dir='ltr'>Baltimorensis</span> <span class='ocrx_word' id='word_1_4' title='bbox 685 1285 847 1352; x_wconf 89' lang='lat' dir='ltr'>Plenarii</span> <span class='ocrx_word' id='word_1_5' title='bbox 863 1285 900 1351; x_wconf 94' lang='lat' dir='ltr'>Il</span> <span class='ocrx_word' id='word_1_6' title='bbox 918 1285 997 1370; x_wconf 85' lang='lat' dir='ltr'>(Tit.</span> <span class='ocrx_word' id='word_1_7' title='bbox 1021 1285 1094 1362; x_wconf 76' lang='lat' dir='ltr'>xiV,</span> <span class='ocrx_word' id='word_1_8' title='bbox 1116 1305 1149 1352; x_wconf 90' lang='lat' dir='ltr'>n.</span> 
     </span>
     <span class='ocr_line' id='line_1_3' title="bbox 152 1409 1151 1498; baseline -0.005 -18"><span class='ocrx_word' id='word_1_9' title='bbox 152 1415 229 1495; x_wconf 82' lang='lat'><strong>533)</strong></span> <span class='ocrx_word' id='word_1_10' title='bbox 253 1413 458 1498; x_wconf 88' lang='lat' dir='ltr'>obsequens</span> <span class='ocrx_word' id='word_1_11' title='bbox 488 1410 645 1493; x_wconf 91' lang='lat' dir='ltr'>monitis,</span> <span class='ocrx_word' id='word_1_12' title='bbox 670 1412 886 1496; x_wconf 87' lang='lat' dir='ltr'>“quatenus</span> <span class='ocrx_word' id='word_1_13' title='bbox 917 1409 955 1475; x_wconf 93' lang='lat' dir='ltr'>in</span> <span class='ocrx_word' id='word_1_14' title='bbox 980 1410 1151 1475; x_wconf 90' lang='lat' dir='ltr'>omnibus</span> 
     </span>
     <span class='ocr_line' id='line_1_4' title="bbox 153 1515 1152 1616; baseline -0.007 -15"><span class='ocrx_word' id='word_1_15' title='bbox 153 1530 360 1601; x_wconf 79' lang='lat' dir='ltr'>executioni</span> <span class='ocrx_word' id='word_1_16' title='bbox 377 1530 594 1596; x_wconf 80' lang='lat' dir='ltr'>mandentur</span> <span class='ocrx_word' id='word_1_17' title='bbox 609 1529 724 1616; x_wconf 88' lang='lat' dir='ltr'>hujus</span> <span class='ocrx_word' id='word_1_18' title='bbox 740 1528 899 1595; x_wconf 89' lang='lat' dir='ltr'>Plenarii</span> <span class='ocrx_word' id='word_1_19' title='bbox 916 1515 1069 1597; x_wconf 68' lang='lat' dir='ltr'>(ionoilii</span> <span class='ocrx_word' id='word_1_20' title='bbox 1084 1530 1152 1595; x_wconf 89' lang='lat' dir='ltr'>De-</span> 
     </span>
     <span class='ocr_line' id='line_1_5' title="bbox 152 1650 1151 1736; baseline -0.004 -15"><span class='ocrx_word' id='word_1_21' title='bbox 152 1653 286 1733; x_wconf 86' lang='lat' dir='ltr'>creta,”</span> <span class='ocrx_word' id='word_1_22' title='bbox 315 1655 350 1719; x_wconf 92' lang='lat' dir='ltr'>et</span> <span class='ocrx_word' id='word_1_23' title='bbox 383 1651 492 1718; x_wconf 92' lang='lat' dir='ltr'>simul</span> <span class='ocrx_word' id='word_1_24' title='bbox 527 1650 718 1736; x_wconf 90' lang='lat' dir='ltr'>providere</span> <span class='ocrx_word' id='word_1_25' title='bbox 751 1650 903 1736; x_wconf 90' lang='lat' dir='ltr'>cupiens</span> <span class='ocrx_word' id='word_1_26' title='bbox 934 1650 1151 1717; x_wconf 89' lang='lat' dir='ltr'>solutionem</span> 
     </span>
     <span class='ocr_line' id='line_1_6' title="bbox 154 1758 1151 1862; baseline -0.003 -21"><span class='ocrx_word' id='word_1_27' title='bbox 154 1773 420 1862; x_wconf 83' lang='lat' dir='ltr'>quaestionibus</span> <span class='ocrx_word' id='word_1_28' title='bbox 447 1772 669 1859; x_wconf 88' lang='lat' dir='ltr'>quibusdam</span> <span class='ocrx_word' id='word_1_29' title='bbox 695 1771 914 1859; x_wconf 85' lang='lat' dir='ltr'>opportunis</span> <span class='ocrx_word' id='word_1_30' title='bbox 936 1773 974 1837; x_wconf 92' lang='lat' dir='ltr'>in</span> <span class='ocrx_word' id='word_1_31' title='bbox 996 1793 1038 1839; x_wconf 92' lang='lat' dir='ltr'>eo</span> <span class='ocrx_word' id='word_1_32' title='bbox 1052 1758 1151 1840; x_wconf 53' lang='lat' dir='ltr'>&#39;Con-</span> 
     </span>
     <span class='ocr_line' id='line_1_7' title="bbox 156 1893 1152 1980; baseline 0 -20"><span class='ocrx_word' id='word_1_33' title='bbox 156 1895 240 1961; x_wconf 92' lang='lat' dir='ltr'>cilio</span> <span class='ocrx_word' id='word_1_34' title='bbox 264 1914 337 1961; x_wconf 93' lang='lat' dir='ltr'>non</span> <span class='ocrx_word' id='word_1_35' title='bbox 354 1893 496 1976; x_wconf 89' lang='lat' dir='ltr'>decisis,</span> <span class='ocrx_word' id='word_1_36' title='bbox 517 1894 790 1980; x_wconf 85' lang='lat' dir='ltr'>quamprimum</span> <span class='ocrx_word' id='word_1_37' title='bbox 808 1893 939 1980; x_wconf 90' lang='lat' dir='ltr'>potuit,</span> <span class='ocrx_word' id='word_1_38' title='bbox 961 1894 1152 1980; x_wconf 82' lang='lat' dir='ltr'>Synodnm</span> 
     </span>
     <span class='ocr_line' id='line_1_8' title="bbox 155 2013 1153 2102; baseline 0.001 -20"><span class='ocrx_word' id='word_1_39' title='bbox 155 2034 233 2082; x_wconf 83' lang='lat' dir='ltr'>suae</span> <span class='ocrx_word' id='word_1_40' title='bbox 255 2033 361 2081; x_wconf 83' lang='lat' dir='ltr'>novae</span> <span class='ocrx_word' id='word_1_41' title='bbox 383 2015 591 2081; x_wconf 83' lang='lat' dir='ltr'>Dioeceseos</span> <span class='ocrx_word' id='word_1_42' title='bbox 621 2013 812 2080; x_wconf 87' lang='lat' dir='ltr'>convocari</span> <span class='ocrx_word' id='word_1_43' title='bbox 845 2015 986 2080; x_wconf 89' lang='lat' dir='ltr'>curavit</span> <span class='ocrx_word' id='word_1_44' title='bbox 1012 2016 1153 2102; x_wconf 90' lang='lat' dir='ltr'>primus</span> 
     </span>
     <span class='ocr_line' id='line_1_9' title="bbox 154 2135 1152 2223; baseline 0.002 -21"><span class='ocrx_word' id='word_1_45' title='bbox 154 2137 360 2223; x_wconf 80' lang='lat' dir='ltr'>Episcopus</span> <span class='ocrx_word' id='word_1_46' title='bbox 383 2135 733 2222; x_wconf 82' lang='lat' dir='ltr'>Ogdensburgensis,</span> <span class='ocrx_word' id='word_1_47' title='bbox 756 2135 852 2201; x_wconf 80' lang='lat' dir='ltr'>illmus</span> <span class='ocrx_word' id='word_1_48' title='bbox 871 2156 912 2202; x_wconf 87' lang='lat' dir='ltr'>ac</span> <span class='ocrx_word' id='word_1_49' title='bbox 937 2137 1066 2204; x_wconf 79' lang='lat' dir='ltr'>Revnnus</span> <span class='ocrx_word' id='word_1_50' title='bbox 1081 2138 1152 2204; x_wconf 84' lang='lat' dir='ltr'>ED-</span> 
     </span>
     <span class='ocr_line' id='line_1_10' title="bbox 154 2256 1154 2326; baseline 0.003 -3"><span class='ocrx_word' id='word_1_51' title='bbox 154 2256 563 2324; x_wconf 78' lang='lat' dir='ltr'>ennusP.WnDHAMs</span> <span class='ocrx_word' id='word_1_52' title='bbox 595 2257 657 2323; x_wconf 86' lang='lat' dir='ltr'>Ad</span> <span class='ocrx_word' id='word_1_53' title='bbox 669 2257 916 2324; x_wconf 86' lang='lat' dir='ltr'>hancinvitati</span> <span class='ocrx_word' id='word_1_54' title='bbox 928 2263 1014 2325; x_wconf 91' lang='lat' dir='ltr'>sunt</span> <span class='ocrx_word' id='word_1_55' title='bbox 1029 2280 1154 2326; x_wconf 91' lang='lat' dir='ltr'>omnes</span> 
     </span>
     <span class='ocr_line' id='line_1_11' title="bbox 153 2377 1153 2463; baseline 0.002 -19"><span class='ocrx_word' id='word_1_56' title='bbox 153 2384 231 2444; x_wconf 92' lang='lat' dir='ltr'>tum</span> <span class='ocrx_word' id='word_1_57' title='bbox 249 2378 458 2458; x_wconf 83' lang='lat' dir='ltr'>Saeoulares‚</span> <span class='ocrx_word' id='word_1_58' title='bbox 479 2382 557 2443; x_wconf 91' lang='lat' dir='ltr'>tum</span> <span class='ocrx_word' id='word_1_59' title='bbox 574 2377 775 2463; x_wconf 87' lang='lat' dir='ltr'>Regulares</span> <span class='ocrx_word' id='word_1_60' title='bbox 800 2377 1009 2446; x_wconf 85' lang='lat' dir='ltr'>Dioeceseos</span> <span class='ocrx_word' id='word_1_61' title='bbox 1035 2380 1153 2446; x_wconf 82' lang='lat' dir='ltr'>Sacer-</span> 
     </span>
     <span class='ocr_line' id='line_1_12' title="bbox 154 2497 1151 2586; baseline 0.003 -22"><span class='ocrx_word' id='word_1_62' title='bbox 154 2498 268 2578; x_wconf 89' lang='lat' dir='ltr'>dotes,</span> <span class='ocrx_word' id='word_1_63' title='bbox 300 2501 485 2584; x_wconf 79' lang='lat' dir='ltr'>quotquot</span> <span class='ocrx_word' id='word_1_64' title='bbox 519 2497 678 2582; x_wconf 85' lang='lat' dir='ltr'>legitime</span> <span class='ocrx_word' id='word_1_65' title='bbox 716 2517 789 2562; x_wconf 93' lang='lat' dir='ltr'>non</span> <span class='ocrx_word' id='word_1_66' title='bbox 826 2503 945 2564; x_wconf 80' lang='lat' dir='ltr'>essent</span> <span class='ocrx_word' id='word_1_67' title='bbox 973 2498 1151 2586; x_wconf 89' lang='lat' dir='ltr'>impediti.</span> 
     </span>
     <span class='ocr_line' id='line_1_13' title="bbox 155 2617 1156 2704; baseline 0.001 -19"><span class='ocrx_word' id='word_1_68' title='bbox 155 2618 321 2685; x_wconf 89' lang='lat' dir='ltr'>Primum</span> <span class='ocrx_word' id='word_1_69' title='bbox 353 2639 441 2704; x_wconf 87' lang='lat' dir='ltr'>pars</span> <span class='ocrx_word' id='word_1_70' title='bbox 463 2638 588 2685; x_wconf 89' lang='lat' dir='ltr'>eorum</span> <span class='ocrx_word' id='word_1_71' title='bbox 612 2617 751 2684; x_wconf 90' lang='lat' dir='ltr'>circiter</span> <span class='ocrx_word' id='word_1_72' title='bbox 773 2618 893 2685; x_wconf 87' lang='lat' dir='ltr'>media</span> <span class='ocrx_word' id='word_1_73' title='bbox 917 2620 976 2685; x_wconf 88' lang='lat' dir='ltr'>die</span> <span class='ocrx_word' id='word_1_74' title='bbox 998 2624 1033 2686; x_wconf 70' lang='lat' dir='ltr'>9a</span> <span class='ocrx_word' id='word_1_75' title='bbox 1060 2621 1085 2688; x_wconf 87' lang='lat' dir='ltr'>J</span> <span class='ocrx_word' id='word_1_76' title='bbox 1087 2621 1156 2687; x_wconf 91' lang='lat' dir='ltr'>ulii</span> 
     </span>
     <span class='ocr_line' id='line_1_14' title="bbox 156 2738 1155 2828; baseline 0.003 -23"><span class='ocrx_word' id='word_1_77' title='bbox 156 2738 194 2805; x_wconf 89' lang='lat' dir='ltr'>in</span> <span class='ocrx_word' id='word_1_78' title='bbox 223 2740 404 2806; x_wconf 89' lang='lat' dir='ltr'>civitatem</span> <span class='ocrx_word' id='word_1_79' title='bbox 432 2738 678 2825; x_wconf 87' lang='lat' dir='ltr'>episcopalem</span> <span class='ocrx_word' id='word_1_80' title='bbox 709 2743 964 2820; x_wconf 89' lang='lat' dir='ltr'>convenerunt,</span> <span class='ocrx_word' id='word_1_81' title='bbox 1001 2741 1065 2807; x_wconf 93' lang='lat' dir='ltr'>ubi</span> <span class='ocrx_word' id='word_1_82' title='bbox 1089 2741 1155 2828; x_wconf 80' lang='lat' dir='ltr'>&#39;pie</span> 
     </span>
     <span class='ocr_line' id='line_1_15' title="bbox 155 2859 1150 2947; baseline 0.001 -19"><span class='ocrx_word' id='word_1_83' title='bbox 155 2863 224 2928; x_wconf 89' lang='lat' dir='ltr'>sub</span> <span class='ocrx_word' id='word_1_84' title='bbox 256 2861 451 2928; x_wconf 80' lang='lat' dir='ltr'>directione</span> <span class='ocrx_word' id='word_1_85' title='bbox 486 2861 575 2927; x_wconf 86' lang='lat' dir='ltr'>Rev.</span> <span class='ocrx_word' id='word_1_86' title='bbox 606 2860 648 2927; x_wconf 93' lang='lat' dir='ltr'>P.</span> <span class='ocrx_word' id='word_1_87' title='bbox 681 2859 905 2928; x_wconf 80' lang='lat' dir='ltr'>Gurnnnnnr</span> <span class='ocrx_word' id='word_1_88' title='bbox 936 2862 1150 2947; x_wconf 78' lang='lat' dir='ltr'>Wnrnron,</span> 
     </span>
     <span class='ocr_line' id='line_1_16' title="bbox 157 2981 1155 3069; baseline 0 -17"><span class='ocrx_word' id='word_1_89' title='bbox 157 2983 196 3052; x_wconf 81' lang='grc' dir='ltr'>Ο.</span> <span class='ocrx_word' id='word_1_90' title='bbox 218 2983 277 3049; x_wconf 82' lang='lat' dir='ltr'>SS.</span> <span class='ocrx_word' id='word_1_91' title='bbox 295 2983 354 3066; x_wconf 69' lang='lat' dir='ltr'>R,</span> <span class='ocrx_word' id='word_1_92' title='bbox 375 2984 542 3050; x_wconf 88' lang='lat' dir='ltr'>obierunt</span> <span class='ocrx_word' id='word_1_93' title='bbox 566 2983 704 3069; x_wconf 84' lang='lat' dir='ltr'>praevia</span> <span class='ocrx_word' id='word_1_94' title='bbox 730 2981 844 3048; x_wconf 87' lang='lat' dir='ltr'>annui</span> <span class='ocrx_word' id='word_1_95' title='bbox 871 3003 1034 3050; x_wconf 91' lang='lat' dir='ltr'>secessus</span> <span class='ocrx_word' id='word_1_96' title='bbox 1055 3005 1155 3052; x_wconf 87' lang='lat' dir='ltr'>exer-</span> 
     </span>
     <span class='ocr_line' id='line_1_17' title="bbox 158 3105 1158 3194; baseline -0.002 -20"><span class='ocrx_word' id='word_1_97' title='bbox 158 3107 243 3174; x_wconf 89' lang='lat' dir='ltr'>citia</span> <span class='ocrx_word' id='word_1_98' title='bbox 275 3107 491 3194; x_wconf 84' lang='lat' dir='ltr'>spiritualia,</span> <span class='ocrx_word' id='word_1_99' title='bbox 515 3106 652 3193; x_wconf 92' lang='lat' dir='ltr'>quibus</span> <span class='ocrx_word' id='word_1_100' title='bbox 668 3105 734 3171; x_wconf 89' lang='lat' dir='ltr'>rite</span> <span class='ocrx_word' id='word_1_101' title='bbox 764 3106 955 3189; x_wconf 86' lang='lat' dir='ltr'>absolutis,</span> <span class='ocrx_word' id='word_1_102' title='bbox 975 3111 1010 3173; x_wconf 89' lang='lat' dir='ltr'>et</span> <span class='ocrx_word' id='word_1_103' title='bbox 1037 3107 1158 3173; x_wconf 85' lang='lat' dir='ltr'>caeteri</span> 
     </span>
     <span class='ocr_line' id='line_1_18' title="bbox 158 3224 1157 3314; baseline 0 -22"><span class='ocrx_word' id='word_1_104' title='bbox 158 3226 362 3314; x_wconf 75' lang='lat' dir='ltr'>synodales</span> <span class='ocrx_word' id='word_1_105' title='bbox 377 3228 615 3306; x_wconf 84' lang='lat' dir='ltr'>accesserunt,</span> <span class='ocrx_word' id='word_1_106' title='bbox 626 3245 668 3291; x_wconf 89' lang='lat' dir='ltr'>ac</span> <span class='ocrx_word' id='word_1_107' title='bbox 685 3227 782 3306; x_wconf 91' lang='lat' dir='ltr'>tunc,</span> <span class='ocrx_word' id='word_1_108' title='bbox 800 3224 858 3291; x_wconf 93' lang='lat' dir='ltr'>die</span> <span class='ocrx_word' id='word_1_109' title='bbox 871 3229 927 3290; x_wconf 69' lang='lat'>13²</span> <span class='ocrx_word' id='word_1_110' title='bbox 943 3225 1046 3309; x_wconf 78' lang='lat' dir='ltr'>Julii,</span> <span class='ocrx_word' id='word_1_111' title='bbox 1062 3245 1157 3313; x_wconf 94' lang='lat' dir='ltr'>opus</span> 
     </span>
     <span class='ocr_line' id='line_1_19' title="bbox 158 3347 1157 3435; baseline -0.001 -20"><span class='ocrx_word' id='word_1_112' title='bbox 158 3349 337 3416; x_wconf 90' lang='lat' dir='ltr'>indictum</span> <span class='ocrx_word' id='word_1_113' title='bbox 367 3349 581 3435; x_wconf 86' lang='lat' dir='ltr'>auspicatus</span> <span class='ocrx_word' id='word_1_114' title='bbox 611 3351 665 3414; x_wconf 92' lang='lat' dir='ltr'>est</span> <span class='ocrx_word' id='word_1_115' title='bbox 695 3347 791 3413; x_wconf 74' lang='lat' dir='ltr'>Illmus</span> <span class='ocrx_word' id='word_1_116' title='bbox 818 3347 1039 3434; x_wconf 84' lang='lat' dir='ltr'>Episcopus,</span> <span class='ocrx_word' id='word_1_117' title='bbox 1068 3347 1157 3414; x_wconf 90' lang='lat' dir='ltr'>hora</span> 
     </span>
     <span class='ocr_line' id='line_1_20' title="bbox 156 3468 1157 3556; baseline -0.001 -20"><span class='ocrx_word' id='word_1_118' title='bbox 156 3490 252 3536; x_wconf 88' lang='lat' dir='ltr'>nona</span> <span class='ocrx_word' id='word_1_119' title='bbox 268 3470 484 3536; x_wconf 87' lang='lat' dir='ltr'>celebrando</span> <span class='ocrx_word' id='word_1_120' title='bbox 507 3469 657 3536; x_wconf 88' lang='lat' dir='ltr'>Missam</span> <span class='ocrx_word' id='word_1_121' title='bbox 681 3469 928 3556; x_wconf 88' lang='lat' dir='ltr'>pontificalem</span> <span class='ocrx_word' id='word_1_122' title='bbox 954 3468 999 3535; x_wconf 92' lang='lat' dir='ltr'>de</span> <span class='ocrx_word' id='word_1_123' title='bbox 1017 3468 1157 3556; x_wconf 87' lang='lat' dir='ltr'>Spiritu</span> 
     </span>
     <span class='ocr_line' id='line_1_21' title="bbox 159 3589 1157 3676; baseline -0.002 -20"><span class='ocrx_word' id='word_1_124' title='bbox 159 3591 204 3674; x_wconf 82' lang='lat' dir='ltr'>S,</span> <span class='ocrx_word' id='word_1_125' title='bbox 232 3591 293 3657; x_wconf 91' lang='lat' dir='ltr'>cui</span> <span class='ocrx_word' id='word_1_126' title='bbox 323 3591 396 3658; x_wconf 89' lang='lat' dir='ltr'>fere</span> <span class='ocrx_word' id='word_1_127' title='bbox 435 3591 553 3657; x_wconf 89' lang='lat' dir='ltr'>omnis</span> <span class='ocrx_word' id='word_1_128' title='bbox 583 3589 711 3658; x_wconf 81' lang='lat' dir='ltr'>Olerus</span> <span class='ocrx_word' id='word_1_129' title='bbox 740 3593 776 3656; x_wconf 91' lang='lat' dir='ltr'>et</span> <span class='ocrx_word' id='word_1_130' title='bbox 802 3609 959 3676; x_wconf 83' lang='lat' dir='ltr'>magnus</span> <span class='ocrx_word' id='word_1_131' title='bbox 989 3589 1157 3655; x_wconf 90' lang='lat' dir='ltr'>fidelium</span> 
     </span>
     <span class='ocr_line' id='line_1_22' title="bbox 158 3710 1157 3798; baseline -0.001 -22"><span class='ocrx_word' id='word_1_132' title='bbox 158 3731 333 3778; x_wconf 89' lang='lat' dir='ltr'>numerus</span> <span class='ocrx_word' id='word_1_133' title='bbox 360 3711 610 3778; x_wconf 82' lang='lat' dir='ltr'>interfuerunt.</span> <span class='ocrx_word' id='word_1_134' title='bbox 660 3710 840 3779; x_wconf 81' lang='lat' dir='ltr'>Ooncione</span> <span class='ocrx_word' id='word_1_135' title='bbox 868 3710 1046 3798; x_wconf 73' lang='lat' dir='ltr'>praeclara</span> <span class='ocrx_word' id='word_1_136' title='bbox 1069 3730 1157 3776; x_wconf 89' lang='lat' dir='ltr'>mox</span> 
     </span>
    </p>
   </div>
   <div class='ocr_carea' id='block_1_3' title="bbox 0 0 1359 4398">
    <p class='ocr_par' dir='ltr' id='par_1_3' title="bbox 0 0 1359 4398">
     <span class='ocr_line' id='line_1_23' title="bbox 0 0 1359 4398; baseline 0 0"><span class='ocrx_word' id='word_1_137' title='bbox 0 0 1359 4398; x_wconf 95' lang='lat' dir='ltr'> </span> 
     </span>
    </p>
   </div>
  </div>
 </body>
</html>
