2686 4398
411 367 456 410 nn
477 367 638 412 nxrnnun
662 369 848 414 uncrronn.
1093 359 1131 416 19

133 554 290 618 nensem,
319 537 481 610 habitam
506 558 627 604 mense
653 537 809 618 Octobri,
835 542 928 624 1855,
955 540 1011 607 vel
1038 541 1133 608 inter

133 679 180 740 se,
217 661 272 725 vel
303 680 387 726 cum
424 660 626 746 acatholica
663 666 768 748 parte
805 682 925 728 coram
963 681 1132 749 praecone

131 777 300 844 haeretico
328 778 598 845 matrimonium
626 779 836 846 contrahere
863 782 1126 865 attentaverint,

132 898 272 983 quique
288 917 434 984 poenam
452 898 840 965 excommunicationis
855 899 989 966 idcirco
1011 900 1130 966 incur-

133 1012 252 1079 rerint.

505 1236 667 1306 CAPUT
690 1238 755 1305 IX.

389 1412 441 1460 nn
464 1413 648 1461 nxrannn
674 1414 880 1463 uncrronn.

173 1553 224 1616 66.
250 1550 372 1630 Quum
399 1550 572 1618 Extrema
601 1552 733 1620 Unctio
757 1555 803 1621 sit
834 1576 959 1622 verum
985 1577 1027 1623 ac
1051 1578 1132 1644 pro-

129 1670 207 1755 prie
224 1671 363 1738 (lictum
380 1671 496 1739 Novae
508 1671 615 1758 Legis
628 1677 651 1708 ‘⁸
665 1672 935 1741 Sacramentum
951 1675 1130 1744 aOhristo

130 1789 290 1856 Domino
317 1790 537 1872 institutum,
564 1795 740 1880 tanquam
765 1791 920 1859 coelestis
950 1794 1131 1862 medicina

128 1931 201 1976 non
211 1911 343 1978 animae
353 1912 482 1992 solum,
492 1913 555 1979 sed
567 1913 673 1978 etiarn
685 1913 827 1999 corpori
838 1913 1019 1995 salutaris,
1030 1915 1128 1981 omni

129 2032 253 2098 studio
270 2053 312 2099 ac
328 2033 517 2120 diligentia
531 2033 733 2121 periculose
753 2036 1014 2121 aegrotantibus
1030 2037 1130 2104 adhi-

128 2152 289 2219 bendum
305 2157 367 2236 est,
389 2157 424 2220 et
439 2175 481 2221 eo
505 2127 654 2240 quidem
670 2159 841 2242 tempore,
859 2157 889 2223 si
905 2157 982 2224 fieri
997 2159 1123 2246 possit,

62 2277 66 2282 ’
128 2295 212 2342 oum
238 2275 312 2342 illis
341 2276 464 2343 adhuc
494 2276 634 2362 integra
666 2298 769 2344 mens
798 2285 834 2346 et
868 2279 960 2346 ratio
989 2279 1125 2368 viget.’'

129 2395 286 2464 Bitunia
302 2397 408 2464 Rom.

173 2571 224 2634 67.
249 2567 418 2635 Pastores
443 2589 527 2654 ergo
552 2572 719 2655 satagant
741 2574 896 2654 aegrotos
921 2577 1128 2660 opportune

127 2688 284 2767 visitare,
305 2708 438 2774 eosque
453 2688 591 2754 hortari
606 2692 648 2755 ut
662 2688 730 2755 hoc
756 2690 1027 2758 Sacramentum
1051 2714 1127 2761 sus-

127 2810 274 2897 cipiant,
294 2809 383 2875 dum
407 2809 517 2896 pleno
540 2810 661 2876 adhuc
683 2811 846 2896 gaudent
868 2833 939 2880 usu
964 2814 1123 2899 rationis,

128 2951 205 3017 quo
230 2929 433 2996 uberiorem
464 2931 545 3016 ejus
575 2929 738 2997 fructum
761 2932 947 3019 percipere
970 2935 1124 3021 possint.

131 3051 235 3119 Ocno.
252 3049 361 3119 Plan.
377 3070 414 3117 n.
432 3055 504 3118 306.

174 3208 226 3270 68.
250 3202 411 3270 Maxime
435 3207 559 3272 caveat
592 3203 723 3272 Pastor
746 3225 769 3272 a
794 3207 971 3294 negandis
995 3207 1034 3274 in
1059 3230 1127 3276 suo

129 3325 296 3393 districtu
324 3323 464 3392 ultimis
492 3325 732 3392 Sacramentis
759 3325 875 3393 cnivis
908 3327 1129 3393 moribundo

129 3446 199 3514 sub
223 3447 405 3532 praetextu
433 3444 544 3530 quod,
573 3443 726 3511 avaritia
750 3445 893 3529 ductus,
925 3465 1126 3532 numquam

126 3563 273 3650 aliquid
284 3562 520 3630 contribuerit
534 3563 572 3629 in
586 3563 789 3632 subsidium
803 3565 964 3632 ecclesiae
976 3565 1034 3632 vel
1044 3565 1130 3633 Pas-

129 3684 228 3767 toris,
259 3683 439 3770 siquidem
471 3683 566 3751 nulli
594 3683 785 3751 hominurn
810 3684 917 3751 etiam
946 3687 1129 3773 peccatori
