2686 4398
224 449 246 506 4
378 459 508 506 SYNODI
529 461 857 506 OGDENSBURGENSIS
880 463 893 505 1
915 461 1072 506 STATUTA.

594 747 755 814 CAPUT
779 745 846 814 ΙΙΙ.

421 923 473 970 DE
496 922 763 971 SACRAMENTIS
787 923 832 970 IN
855 922 1023 970 GENERE.

271 1057 322 1121 12.
349 1054 472 1122 “Cum
498 1054 537 1121 in
567 1055 729 1122 Ecclesia
754 1054 824 1123 Dei
850 1055 943 1121 nihil
970 1055 1131 1123 sanctius
1162 1058 1231 1122 aut

227 1175 368 1257 utilius,
383 1175 549 1263 nihilque
573 1176 812 1243 excellentius
834 1179 901 1242 aut
923 1175 1037 1264 magis
1060 1175 1229 1242 divinum

228 1272 417 1381 habeatur,
442 1319 553 1386 quam
588 1299 817 1365 Sacramenta
840 1300 888 1366 ad
913 1299 1064 1367 humani
1085 1301 1229 1386 generis

227 1421 384 1487 salutem
401 1442 423 1488 a
436 1421 580 1490 Christo
593 1421 750 1489 Domino
763 1422 948 1489 instituta:
972 1421 1156 1510 parochus
1172 1423 1228 1488 vel

229 1543 353 1628 quivis
368 1543 464 1610 alius
480 1544 648 1611 sacerdos
670 1544 719 1610 ad
734 1564 842 1631 quem
859 1565 984 1611 eorum
999 1543 1229 1611 administra-

228 1667 281 1732 tio
297 1667 451 1753 pertinet
475 1667 679 1735 meminisse
704 1668 882 1756 imprimis
906 1668 1016 1734 debet
1039 1689 1076 1734 se
1104 1673 1230 1734 sancta

229 1791 383 1855 tractare
409 1793 519 1875 atque
551 1789 650 1855 omni
674 1789 745 1856 fere
771 1788 943 1876 temporis
977 1792 1158 1855 momento
1181 1789 1230 1856 ad

229 1919 303 1981 tam
336 1919 469 1982 sanctae
499 1915 822 1983 administrationis
864 1915 1021 1983 officium
1058 1921 1231 2002 paratum

230 2055 308 2102 esse
331 2037 530 2123 oportere.'’
594 2037 837 2118 Quamobrem
869 2039 1134 2123 “quacumque
1158 2036 1232 2102 diei

231 2154 286 2220 vel
304 2155 420 2221 noctis
436 2155 525 2222 hora
543 2155 591 2222 ad
618 2159 841 2223 sacramenta
871 2154 1111 2222 ministranda
1126 2174 1232 2221 voca·
1330 2150 1331 2175 ¹

231 2275 340 2357 bitur,
355 2276 493 2341 nullam
518 2277 635 2344 officio
652 2298 719 2343 suo
736 2277 953 2365 praestando‚
975 2277 1175 2364 praesertim
1201 2278 1234 2343 si

231 2397 426 2463 necessitas
443 2402 579 2482 urgeat,
594 2417 731 2464 moram
747 2397 989 2484 interponat.'’
1035 2397 1110 2464 Hit.
1124 2398 1232 2465 Rom,

233 2519 350 2588 Reor.
369 2519 530 2606 praerat.

278 2713 329 2776 13.
356 2708 525 2776 Pastores
552 2730 694 2796 gregem
713 2709 782 2776 sibi
797 2709 1033 2777 commissum
1050 2710 1095 2777 de
1113 2711 1234 2777 Sacra-

232 2838 438 2932 mentorum
460 2833 594 2901 virtute
628 2837 664 2900 et
695 2833 740 2900 de
766 2833 1034 2921 praeparatione
1058 2833 1116 2900 his
1142 2855 1234 2922 prce

233 2954 420 3035 mittenda,
431 2953 575 3041 quoties
591 2953 732 3021 occasio
749 2952 907 3036 offertur,
921 2953 1114 3040 diligenter
1132 2953 1234 3021 insti-

235 3079 348 3142 tuant.
399 3073 500 3141 Ocno.
521 3072 630 3141 Pleu.
650 3093 687 3141 n.
703 3075 776 3140 208.

280 3275 331 3337 14.
356 3270 548 3338 Ourabunt
570 3271 803 3338 ecclesiarum
828 3269 1001 3338 Rectores
1016 3273 1059 3337 ut
1073 3271 1234 3338 materiae

237 3393 552 3458 Sacramentorum
586 3391 750 3474 fideliter,
781 3390 934 3458 sollicite
957 3409 999 3457 ac
1031 3397 1236 3458 reverenter

236 3511 500 3593 custodiantur,
510 3517 622 3599 atque
635 3515 677 3579 111
689 3512 868 3598 supellex,
876 3515 1003 3592 vesica,
1014 3515 1233 3594 ornamenta,

237 3633 448 3701 linteamina
463 3638 499 3700 et
514 3653 601 3700 vasa
617 3633 807 3700 ministerii
823 3631 970 3720 integra,
985 3633 1100 3700 nitida
1113 3633 1185 3700 sint
1199 3637 1235 3700 et

237 3757 385 3826 munda.
432 3757 536 3824 C'ouc.
556 3755 664 3824 Pleu.
680 3776 717 3824 a.
733 3759 808 3824 208.
