2686 4398
287 389 611 460 1111111111111110111
633 413 948 474 1111011111111,110.
1084 404 1121 462 15

483 723 644 791 CAPUT
673 723 756 792 VII.

120 902 175 950 Du
205 899 496 948 BENEDIOTIONE
531 899 772 947 SANCTISSIMI
799 901 1050 949 sAoRAMENTI
1074 901 1123 949 ΕΤ

202 1005 255 1053 DE
271 1004 549 1064 QUADRAGINTA
564 1004 756 1054 HORARUM
773 1004 1040 1054 EXPOSITIONE.

168 1147 220 1211 53.
245 1143 418 1212 Fideliter
433 1144 565 1230 exequi
582 1144 752 1231 cupimus
767 1144 938 1212 Eoolesiae
963 1150 1118 1213 mentem

111 1289 198 1355 ,qua
219 1267 488 1335 Sanctissimam
501 1259 767 1334 Eucharistiam
782 1289 854 1335 non
871 1271 990 1336 solum
1005 1271 1118 1336 taber·

120 1391 252 1456 naoulo
278 1390 455 1456 inclusam
481 1390 543 1476 pio
575 1390 678 1456 cultu
704 1392 887 1479 prosequi,
916 1392 980 1458 sed
1011 1392 1117 1458 etiarn

119 1510 280 1596 publioae
295 1509 461 1576 fidelium
482 1509 703 1575 venerationi
720 1531 858 1597 pompa
874 1511 1033 1597 quadam
1057 1532 1117 1578 ex·

118 1649 253 1717 ponere
269 1630 465 1696 consuevit.
513 1630 601 1716 Syn.
620 1629 701 1696 Alb.
717 1631 772 1696 II.

162 1817 417 1885 5110111111
446 1821 567 1884 autem
599 1818 822 1886 Sanctissimi
860 1819 1053 1906 Expositio
1084 1823 1120 1886 et

119 1939 328 2007 Benedictio
354 1959 428 2005 non
452 1940 516 2006 fiat
539 1940 577 2005 in
604 1939 764 2006 ecelesiis
791 1940 849 2006 vel
873 1939 1038 2014 oratoriis
1053 1943 1119 2007 ant

119 2063 227 2129 etiam
243 2063 281 2128 in
295 2061 436 2128 sacellis
452 2063 752 2128 monasteriorum
765 2068 799 2129 et
815 2060 1117 2128 communitatum

120 2183 380 2269 religiosarum,
401 2181 472 2248 nisi
494 2202 541 2248 ex
565 2202 676 2249 eausa
699 2182 849 2269 publiea
864 2200 949 2268 quae
964 2182 1118 2266 probata

121 2305 167 2371 sit
182 2304 228 2370 ab
246 2302 449 2369 Ordinario.
497 2302 539 2368 ln
558 2302 625 2368 hao
649 2301 877 2388 expositione
905 2301 1025 2367 stricte
1048 2320 1117 2367 ser·

118 2424 350 2501 vandasunt
374 2423 495 2489 omnia
519 2442 604 2510 quae
628 2424 667 2489 in
682 2422 932 2490 Oaeremoniali
954 2419 1116 2508 praeseri-

118 2545 265 2611 buntur.
310 2542 414 2609 Idid.

160 2725 213 2809 55.
238 2742 400 2809 Maxime
415 2741 454 2808 in
469 2742 563 2808 votis
590 2742 767 2808 habemus
795 2723 841 2810 ut¹
863 2741 1035 2808 solemnis
1058 2741 1116 2810 de-

118 2865 215 2931 votio
232 2863 414 2932 Orationis
431 2863 683 2948 Quadraginta
698 2863 879 2932 Horarum
897 2849 1124 2930 1111101101Ἰ

119 2993 174 3056 tra
196 2989 354 3056 Dioeoesi
370 2990 485 3075 magis
512 2989 702 3075 magisque
717 2989 756 3054 in
772 2989 849 3054 dies
875 2987 1113 3070 diffundatur,

118 3117 153 3177 et
169 3111 307 3196 ubique
323 3110 469 3176 tandem
493 3110 660 3188 foveatur
675 3114 711 3175 et
725 3110 854 3196 vigeat.

159 3317 211 3381 56.
235 3313 395 3382 Indulsit
431 3315 585 3400 benigne
617 3315 788 3382 Summus
815 3311 987 3412 Pontifex
1012 3312 1119 3378 utin

117 3436 322 3522 peragendo
339 3435 400 3523 pio
423 3435 492 3502 hoo
514 3435 695 3517 exercitio,
715 3435 832 3501 forma
847 3434 972 3500 eadem
997 3433 1118 3499 obser·

116 3562 221 3624 vetur
247 3575 322 3644 qua
348 3557 515 3624 dioecesis
541 3555 814 3624 Baltimorensis
829 3575 877 3622 ex
893 3554 1117 3642 Apostolioae

119 3677 221 3748 Sedis
237 3679 466 3746 concessione
481 3678 607 3745 utitur.
