2686 4398
456 442 502 488 nn
523 443 634 488 curru
656 443 790 489 murno.
1082 431 1120 490 25

164 618 218 680 87.
241 611 315 678 Pro
330 611 720 709 dispensationibusin
735 611 866 678 bannis
881 613 970 678 taxa
994 611 1033 677 in
1048 611 1124 699 Ap-

121 731 574 825 pendiooneterminata
586 732 758 798 solvenda
768 731 844 799 erit.
886 731 960 797 Pro
977 732 1121 819 dispen-

122 855 325 924 sationibus
336 853 631 921 extraordinariis
644 872 666 918 a
679 853 810 920 Sancta
826 853 917 919 Sede
929 853 1118 936 concessis,

121 977 352 1062 eleemosyna
385 993 554 1060 congrua,
584 973 709 1040 habita
738 972 877 1039 ratione
906 973 1123 1039 facultatum

123 1100 316 1174 oratorum,
336 1093 520 1180 eroganda
536 1096 600 1178 est,
621 1101 657 1160 et
678 1093 854 1160 mittenda
876 1089 925 1159 ad
940 1092 1123 1161 (lancella-

122 1217 218 1284 rium
232 1215 272 1281 in
287 1214 369 1302 pios
384 1234 476 1281 usus
489 1213 636 1280 omnino
648 1213 902 1298 impendenda.
948 1211 1034 1280 Duo
1048 1233 1125 1279 scu-

122 1341 199 1406 tata
213 1334 383 1422 (dottam)
399 1337 573 1422 praeterea
595 1334 764 1400 addenda
779 1337 886 1402 erunt
907 1355 975 1422 pro
990 1334 1125 1420 impen-

123 1456 173 1524 sis
188 1455 269 1542 ejus
285 1452 403 1520 officii.
452 1451 542 1539 Spa.
559 1451 640 1518 Alc.
657 1452 713 1518 II.

488 1672 649 1742 CAPUT
672 1673 757 1741 XII.

436 1833 488 1881 nn
512 1833 636 1882 curru
660 1833 814 1882 n1v1no.

167 1980 220 2042 88.
243 1973 414 2052 Ecclesia,
431 1971 609 2059 dirigente
626 1972 766 2059 Spiritu
787 1973 927 2055 Sancta
944 1993 988 2040 ea
1004 1973 1124 2041 omnia

121 2096 414 2182 ordinavitque
430 2095 581 2164 Cultum
598 2094 771 2161 Divinum
789 2081 1006 2182 respiciunt,
1016 2095 1067 2162 ita
1082 2099 1126 2162 ut

119 2217 218 2286 nihil
229 2217 324 2284 desit
335 2215 437 2303 quod
450 2215 676 2302 majestatem
690 2215 759 2282 Dei
771 2215 906 2298 deceat,
919 2215 1013 2282 nihil
1023 2216 1126 2303 quod

120 2337 309 2426 populum
326 2335 505 2403 aedificare
521 2338 642 2422 queat.
688 2332 819 2403 Vestes
835 2355 955 2403 sacras
970 2339 1006 2402 et
1021 2354 1126 2402 caere·

120 2456 265 2525 monias
281 2475 416 2531 omnes,
426 2474 521 2541 quae
536 2453 678 2540 plebem
694 2454 886 2537 instruant,
903 2453 1127 2521 sacerdotem

119 2577 303 2658 moneant,
323 2574 406 2662 ipsa
426 2573 660 2661 praescripsit.
706 2573 841 2639 Earum
872 2574 981 2640 etiam
1008 2573 1127 2639 minu-

120 2694 303 2762 tissimam
328 2691 424 2779 quis,
442 2711 510 2757 suo
538 2711 646 2758 sensu
673 2690 877 2773 abundans,
899 2709 937 2756 se
963 2689 1128 2777 inculpa·

121 2821 205 2884 tum
219 2814 402 2902 negligere
419 2833 527 2900 posse
551 2814 694 2900 sperati
740 2812 946 2879 Meminerit
967 2812 1127 2899 quisque

121 2937 291 3005 Minister
306 2955 407 3004 sacer
421 2934 605 3022 parabolae
614 2973 657 2984 —
667 2937 686 2970 “
695 2933 819 3003 Vestis
834 2933 1043 3021 nuptialis.'’
1083 2934 1130 3002 nt

123 3060 164 3125 in
187 3055 327 3124 caeteris
351 3054 531 3138 omnibus,
550 3054 696 3121 incessu
711 3052 943 3140 potissimum
965 3074 1007 3120 ac
1022 3058 1126 3123 motu

123 3177 229 3266 gravi
251 3181 286 3244 et
307 3176 501 3243 verborum
523 3174 694 3241 distincta
713 3174 926 3262 prolatione,
942 3174 1012 3242 Dei
1027 3175 1128 3243 insti·

124 3301 207 3366 tuta
222 3295 332 3383 digne
359 3293 438 3360 Deo
463 3277 640 3382 peragant
665 3314 709 3362 ac
731 3296 914 3381 populum
936 3295 985 3362 ad
1008 3295 1129 3362 Deum

127 3418 277 3486 elevent.
327 3412 582 3482 “Maledictus
606 3415 702 3482 enim
733 3415 799 3502 qui
826 3415 913 3481 facit
939 3435 1035 3502 opus
1058 3414 1128 3483 Dei

126 3527 409 3596 fraudulenter.'’
460 3526 498 3613 (J
500 3549 604 3595 erem.
622 3527 736 3613 xlviii,
756 3529 827 3615 10.)
883 3527 1014 3595 Omnia
1044 3548 1130 3616 ergo

131 3651 244 3740 juxta
259 3649 476 3738 praescripta
502 3649 540 3716 in
563 3649 714 3733 Missali‚
734 3650 878 3717 Rituali
904 3653 939 3716 et
955 3650 1130 3719 Oaeremo-

129 3771 228 3854 niali,
244 3775 285 3839 ut
302 3771 526 3838 adamussim
543 3770 789 3854 observentur,
809 3771 1037 3838 mandamus.
