2716 4412
201 408 241 467 40
356 421 488 468 eruent
507 421 835 469 conrnsnurrcnusrs
858 425 871 469 1
889 425 1045 472 ererum.

203 590 451 658 obmutescere
466 589 601 657 iaciant
611 592 882 679 impudentium
899 593 1088 662 hominum
1104 596 1207 684 igno-

203 712 368 793 rantiam,
403 713 439 777 et
467 710 681 779 obstruatur
718 732 759 780 os
796 711 1027 800 loquentium
1064 716 1204 804 iniqua..

207 832 311 900 Ocno.
325 832 433 898 Pleu.
449 850 514 900 nn.
531 835 605 914 147,
626 836 700 898 169.

246 1020 319 1083 139.
348 1016 472 1096 Quum
495 1017 644 1085 clericos
660 1037 683 1083 a
698 1019 836 1086 caeteris
860 1040 934 1087 non
957 1021 1079 1088 solum
1103 1026 1204 1090 statu

203 1143 239 1207 et
261 1139 477 1223 conditione,
495 1141 559 1208 sed
582 1141 688 1208 etiam
707 1145 805 1210 veste
820 1142 999 1240 distingui
1022 1151 1198 1232 oporteat,

201 1260 247 1327 iis
262 1260 490 1327 vehementer
513 1262 811 1331 commendamus
834 1266 878 1331 ut
891 1266 1027 1331 vestem
1050 1267 1203 1334 talarem

203 1383 418 1464 constanter,
447 1387 630 1468 quatenus
652 1382 730 1449 fieri
754 1383 882 1471 possit,
908 1387 1065 1472 gerant
1091 1384 1203 1466 Quod

203 1505 234 1572 si
260 1526 340 1572 eam
369 1507 521 1574 induere
550 1507 752 1595 peculiaria
778 1529 900 1577 rerum
926 1510 1103 1598 adjuncta
1128 1532 1202 1579 non

204 1624 332 1709 sinant,
357 1625 448 1712 ipsis
473 1627 620 1693 omnino
645 1627 882 1715 injungimus,
909 1628 955 1696 iis
979 1631 1121 1696 tantum
1146 1630 1202 1697 uti

202 1744 366 1812 vestibus
381 1764 466 1832 quae
489 1765 556 1813 suo
581 1750 783 1834 congruant
798 1747 928 1831 ordini,
949 1747 1096 1833 scilicet,
1115 1768 1202 1836 quae

201 1865 296 1952 nigri
319 1865 391 1932 sint
406 1866 545 1949 coloris,
565 1870 602 1933 et
616 1867 716 1932 omni
732 1872 861 1934 ornatu
878 1871 1033 1951 careant,
1055 1868 1202 1956 sintque

201 1988 247 2054 ab
264 1989 363 2054 omni
378 1989 536 2055 vanitate
551 2009 705 2076 prorsus
720 1989 858 2056 alienae.
892 1989 999 2058 Ocno.
1014 1989 1122 2058 Ptea.
1135 2010 1200 2060 nn.

203 2111 276 2192 148,
298 2112 371 2174 149.

246 2252 318 2314 140.
347 2247 462 2315 Ludis
479 2249 641 2331 scenicis,
665 2249 895 2336 spectaculis,
917 2249 1057 2319 choreis
1078 2271 1124 2318 ne
1146 2251 1199 2317 ir·

203 2366 338 2432 tersint.
373 2366 516 2433 Illicitis
529 2366 794 2448 venationibus
804 2369 839 2434 et
849 2355 949 2434 ludis
962 2367 1070 2434 etiam
1080 2368 1201 2452 licitis,

203 2485 268 2572 qui
284 2485 455 2552 scandalo
471 2506 549 2553 esse
566 2486 717 2573 possint,
734 2487 948 2554 abstineant.
980 2486 1199 2555 Medicinam

203 2609 239 2673 et
271 2606 490 2693 chirurgiam
529 2627 593 2674 nec
630 2607 724 2674 lucri
761 2607 888 2695 gratia,
919 2628 985 2675 nec
1015 2607 1200 2676 charitatis

204 2726 322 2814 specie
359 2729 558 2794 exerceant.
628 2731 742 2793 Arma
784 2747 857 2794 non
897 2726 1025 2795 ferant
1091 2727 1195 2796 Ocno.

204 2850 307 2918 Plan.
323 2868 388 2917 nn.
406 2852 479 2934 153,
500 2851 573 2915 154.

247 3039 320 3102 141.
348 3035 557 3102 Tribunalia
575 3035 734 3123 profana,
755 3035 892 3122 negotii
907 3037 972 3103 aut
986 3035 1061 3102 litis
1076 3055 1197 3117 causa,

203 3157 335 3222 temere
351 3175 396 3222 ne
411 3156 552 3222 adeant
599 3155 672 3223 Ubi
692 3175 776 3222 cum
798 3154 945 3221 homine
960 3154 1070 3222 etiam
1085 3174 1198 3223 saecu-

203 3273 272 3341 lari
287 3277 322 3341 et
337 3274 382 3341 de
397 3275 507 3341 rebus
521 3275 783 3363 temporalibus
799 3273 993 3342 difficultas
1009 3275 1133 3357 oritur,
1154 3293 1199 3340 ne

205 3414 427 3484 quemquam
453 3395 490 3461 in
514 3396 579 3483 jus
602 3398 740 3476 vocent,
769 3398 834 3462 aut
860 3395 980 3462 vocati
1006 3399 1134 3482 sponte
1162 3416 1199 3463 se

206 3516 344 3599 sistant,
364 3515 435 3582 nisi
450 3535 507 3582 res
522 3515 627 3582 aliter
642 3515 812 3602 componi
832 3518 998 3602 nequeat.
1044 3513 1151 3595 Quod
1168 3514 1199 3582 si

204 3637 444 3706 ecclesiastica
458 3637 517 3703 vel
531 3635 700 3723 religiosa
711 3635 903 3723 utriusque
916 3655 1026 3704 sexus
1041 3654 1199 3724 persona

207 3761 316 3828 aliam
354 3779 546 3848 personam
583 3759 860 3827 ecclesiasticam
897 3759 955 3826 vel
991 3759 1198 3847 religiosam
