2686 4398
427 395 538 440 runnx
560 394 829 441 anrnannrrcus.
1087 385 1124 446 ’15

128 609 239 672 Prxrs
246 653 1041 674 ........................................
1068 541 1126 674 Fid

172 690 274 770 Super
300 688 411 768 peetus
438 687 609 762 innitatur,
630 687 758 768 quando
785 689 820 750 in
848 709 885 752 ea
906 689 1046 754 defertur

212 769 456 832 Sanctissimum
471 770 510 830 ad
525 769 676 832 infirmos.
698 773 746 831 46.

129 949 391 1025 Quirenarum
406 948 587 1010 Hoanauu
608 947 739 1010 Oaarro
746 995 1036 1014 ...............
1085 953 1123 1013 15

171 1030 250 1092 Hac
264 1029 389 1092 devotio
404 1029 654 1091 commendatur.
676 1033 723 1092 55.

171 1110 336 1186 Quomodo
350 1109 418 1171 fieri
432 1110 540 1190 possit.
562 1114 610 1172 56.

128 1291 238 1352 Rarro
254 1247 418 1350 Auscii
426 1335 1040 1354 ...............................
1087 1293 1125 1352 35

170 1369 343 1431 Reddenda
358 1390 376 1430 a
390 1375 513 1450 pastore
528 1370 567 1431 de
582 1373 667 1431 statu
684 1370 851 1433 missionis.
876 1373 943 1432 124.

171 1451 294 1512 Pariter
308 1450 346 1511 de
360 1470 393 1511 re
407 1455 495 1532 gesta
508 1450 692 1531 pecuniaria
706 1452 851 1514 eeclesiae.
879 1455 946 1514 125.

129 1651 287 1714 Rncnsra
295 1695 987 1715 ................................
1016 1654 1044 1726 6,
1085 1654 1124 1715 37

171 1731 284 1793 Libros
307 1733 445 1811 quatuor
466 1729 501 1790 in
524 1729 645 1790 Rituali
667 1734 866 1792 enumeratos
880 1735 912 1793 et
930 1730 1044 1793 Latine

211 1819 353 1873 exaratos
369 1816 474 1872 tenere
489 1809 605 1871 debent
619 1810 738 1893 singuli
760 1810 912 1876 Pastores.
935 1815 982 1875 23.

170 1892 324 1954 Praeterea
338 1891 417 1952 liber
431 1891 596 1952 habendus
618 1891 651 1952 in
676 1911 737 1972 quo
757 1891 978 1954 describantur
992 1912 1041 1955 res

210 1993 279 2053 quae
294 1972 334 2034 ad
348 1971 510 2034 ecclesiam
525 1976 556 2033 et
571 1972 609 2034 ad
625 1972 757 2034 domum
771 1973 961 2052 pastoralem
974 1993 1044 2056 per·

211 2053 324 2115 tinent.
346 2056 413 2114 132.

171 2134 430 2214 Dispensationes
453 2134 590 2195 obtentae
615 2133 649 2194 in
665 2153 698 2196 re
713 2134 943 2196 matrimoniali
967 2140 1044 2197 sunt

210 2215 244 2276 in
259 2215 402 2296 Regestis
416 2214 572 2276 notandae.
596 2217 643 2276 86.

128 2397 891 2557 merulana·.·.·1·.·.·1.·.e.mm
908 2441 1043 2558 irriga:
1105 2400 1124 2458 ⁶

211 2563 258 2618 ter
272 2555 476 2636 sequendum.
499 2561 547 2632 22,
566 2561 613 2619 88.

128 2737 236 2798 Rrrus
252 2733 357 2796 sicar
365 2780 1038 2800 ..................................
1085 2738 1124 2798 25

172 2816 344 2901 Serventur
358 2834 466 2877 omnes
480 2815 654 2896 praescripti
670 2817 709 2877 ab
723 2815 872 2883 Ecclesia.
896 2819 944 2878 88.

128 2997 346 3059 Sacranorns
367 3040 1038 3058 ..................................
1087 2998 1125 3058 29

172 3077 210 3137 ln
227 3077 362 3158 singulis
379 3075 576 3138 districtibus
600 3094 683 3137 nnus
706 3075 766 3137 erit
788 3075 909 3155 Pastor,
925 3076 1045 3140 caeteris

212 3157 434 3219 Sacerdotibus
449 3157 476 3219 ei
492 3156 650 3236 subjectis.
674 3159 740 3218 105.

171 3237 203 3299 A
218 3257 274 3299 suo
297 3237 445 3300 districtu
467 3257 533 3298 non
557 3239 663 3299 absint
686 3236 796 3300 diebus
821 3237 1000 3300 Dominicis
1013 3242 1046 3300 et

211 3319 299 3380 festis
314 3319 381 3381 sine
395 3318 526 3380 licentia
540 3317 698 3398 Episcopi.
722 3321 788 3379 108.

173 3398 394 3463 Sacerdotibus
406 3399 607 3461 saecularibus
617 3398 858 3460 commendatur
873 3401 911 3460 ut
930 3399 1045 3461 eonsti-

213 3484 307 3542 tuant
322 3480 502 3541 societatem
518 3479 626 3540 Mutui
641 3478 781 3541 subsidii.
804 3483 870 3540 135.

172 3561 354 3624 Sacerdotes
369 3561 509 3622 extranei
524 3580 589 3622 non
604 3560 714 3622 leviter
735 3559 923 3622 admittendi
939 3559 979 3621 ad
993 3579 1045 3622 ex·

212 3642 358 3704 ercitium
372 3641 578 3703 functionum
593 3640 794 3703 clericalium.
816 3643 883 3704 112.

172 3741 289 3804 Oetam
303 3761 405 3823 quere
419 3742 457 3804 e'a
471 3742 569 3804 verbis
585 3740 737 3816 OnnarcI,
753 3741 934 3804 Pasroaua
