2686 4398
374 414 419 460 nn
441 413 616 460 nncrnrun
637 413 884 461 nccnnsrnnnu.
1091 401 1131 460 29

125 583 251 660 electa,
263 582 428 649 eamdem
441 581 714 649 Sanctissimam
726 580 795 649 Dei
810 581 965 649 Matrem
981 582 1130 651 Nostrae

125 701 337 769 Dioeoeseos
368 700 568 768 Patronam
598 700 840 789 principalem
869 701 1067 789 deligimus
1094 705 1131 770 et

125 823 409 910 proclamamus,

171 996 246 1060 103.
274 991 381 1060 Diem
407 1013 491 1060 vero
523 993 716 1080 specialem
744 992 949 1061 devotionis
978 993 1017 1061 in
1048 995 1130 1082 ejus

124 1115 302 1182 honorem
328 1135 397 1203 pro
421 1114 489 1181 hac
516 1114 654 1182 Nostra
678 1114 823 1182 civitate
847 1114 1050 1203 episcopali
1076 1135 1128 1183 se-

124 1235 300 1322 ponimus
325 1234 535 1322 vigesimam
561 1234 717 1323 primam
741 1234 970 1317 Novembris,
987 1235 1025 1301 in
1053 1254 1131 1322 qua

124 1357 330 1424 celebratur
344 1357 480 1424 festum
504 1355 801 1424 Praesentationis
823 1357 990 1444 ejusdem
1005 1358 1128 1426 Almae

124 1476 196 1544 Dei
218 1476 358 1544 Matris.
405 1475 481 1543 Sub
503 1475 572 1542 hoc
595 1477 690 1543 enim
713 1476 821 1542 titulo
844 1475 987 1562 placuit
1009 1475 1128 1544 omnis

123 1597 212 1664 boni
227 1597 381 1664 Auctori
403 1596 503 1664 hisce
523 1597 561 1663 in
586 1596 715 1684 patriae
731 1600 864 1664 nostrae
884 1597 1050 1684 partibus
1074 1597 1127 1663 in·

123 1721 232 1805 cepta
246 1717 419 1785 Ecclesiae
435 1736 513 1785 suec
528 1717 615 1784 dare
631 1720 666 1785 et
680 1717 910 1799 incrementa,
930 1721 966 1785 et
982 1717 1033 1785 sic
1049 1723 1125 1785 tam

123 1837 278 1925 insignis
301 1837 466 1904 beneficii
489 1838 664 1904 memoria
686 1838 874 1921 recoletur,
901 1838 991 1905 dum
1015 1837 1127 1905 simul

123 1956 256 2023 debita
278 1957 477 2044 gratiarum
501 1957 660 2024 actiones
681 1956 888 2024 offerentur.
943 1955 1035 2024 Vc'de
1051 1955 1126 2040 Ap·

126 2076 326 2162 penderem
348 2076 380 2142 I.

168 2251 241 2314 104.
265 2248 415 2316 Festum
448 2250 637 2337 patronale
663 2249 738 2317 sive
762 2249 910 2317 titulare
940 2250 1123 2336 cujusque

122 2373 296 2442 Ecclesia
312 2373 386 2442 sive
401 2377 630 2456 consecratae,
641 2374 715 2440 sive
730 2373 943 2456 benedicta,
957 2372 1124 2440 solemni·

122 2504 178 2568 ter
192 2503 229 2567 et
243 2500 365 2568 debito
381 2501 455 2568 ritu
478 2500 676 2588 quotannis
702 2504 757 2568 est
772 2499 1041 2581 celebrandum,
1055 2499 1124 2566 sal-

123 2627 196 2690 tem
224 2622 262 2704 in
292 2622 485 2690 Dominioa
519 2623 652 2689 festum
690 2621 857 2710 proxime
886 2625 1069 2708 sequente,
1094 2619 1125 2686 si

122 2744 217 2812 nihil
233 2744 351 2812 obstet
365 2743 456 2831 quin
478 2747 639 2811 externa
652 2741 892 2810 solemnitatis
907 2739 1126 2828 hujusmodi

121 2864 312 2932 translatio
334 2863 409 2930 fiat.
460 2861 562 2930 Ocno.
582 2861 692 2929 Pleu.
709 2881 746 2928 a.
768 2864 841 2928 384.

354 3217 367 3264 t
468 3182 632 3251 CAPUT
669 3180 773 3252 XIV.

332 3359 384 3407 nn
407 3357 604 3408 nnornrun
626 3357 909 3407 nocuusmnuu.

167 3501 240 3566 105.
268 3497 392 3579 Quum
407 3497 579 3565 Ecclesiae
600 3496 819 3564 universalis
833 3495 977 3582 legibus
992 3499 1028 3563 et
1042 3516 1124 3563 con-

122 3618 309 3687 suetudini
324 3621 512 3705 repugnet,
532 3617 704 3703 bonoque
726 3615 930 3682 animarum
954 3613 1121 3703 regimini

122 3742 249 3808 noceat
263 3739 433 3827 pluribus
449 3738 559 3806 simul
574 3755 622 3804 ex
634 3756 742 3824 aequo
757 3736 920 3803 eamdem
933 3735 1122 3805 ecclesiam
