2716 4412
232 392 271 452 28
385 405 515 453 ermom
537 403 866 452 osnnrsnnnsnrsrs
888 405 902 450 1
923 404 1080 451 srnrurs.

276 594 328 657 98.
352 589 452 658 Dum
468 590 592 657 Missae
615 589 838 657 Sacrificium
854 589 1065 674 celebratur,
1086 589 1236 658 manda

232 731 316 779 mus
343 714 386 778 ut
412 711 496 778 duae
527 711 655 778 saltem
678 711 840 778 eandelae
863 729 985 794 eereae,
1007 731 1082 777 non
1108 713 1235 778 autem

232 833 390 900 sebaneae
412 833 451 899 in
485 832 591 898 altari
621 831 780 899 ardeant.
839 832 951 916 Besp.
982 833 1016 900 S.
1043 832 1092 900 B.
1120 830 1154 900 0.
1179 832 1237 899 ad

232 953 360 1038 Epire.
382 951 585 1038 Oarolopot
603 957 645 1017 10
661 951 762 1034 Dee,
782 954 878 1019 1857.

275 1142 326 1205 99.
354 1137 793 1218 Monemusecniesiarum
806 1137 979 1205 Rectores
989 1139 1032 1205 ut
1042 1136 1237 1224 invigilent

231 1258 463 1326 eliminandis
488 1258 667 1325 abusibus
694 1257 760 1344 qui
786 1257 825 1324 in
852 1261 963 1325 cantu
989 1257 1236 1325 eeclesiastico

231 1377 474 1444 invaluerunt.
512 1378 749 1444 Sacrosancto
765 1377 889 1444 Missae
902 1377 1084 1445 Sacrificio
1100 1380 1136 1444 et
1150 1376 1236 1444 aliis

231 1500 374 1567 Divinis
397 1500 523 1567 officiis
546 1500 696 1584 musica,
718 1520 791 1567 non
813 1520 898 1568 vero
922 1501 1074 1569 musicae
1097 1499 1236 1567 Divina

232 1621 349 1688 officia
363 1621 571 1688 inserviant.
620 1621 724 1689 Cone.
744 1621 852 1690 Plan.
871 1643 909 1690 a.
926 1626 1000 1688 361.

277 1819 351 1880 100.
376 1813 589 1901 Optandum
614 1817 656 1881 ut
676 1815 756 1902 ipse
780 1815 946 1903 populus
962 1814 1097 1881 Divina
1109 1813 1234 1881 'officia

233 1938 377 2004 cantare
390 1935 572 2018 doceatur,
588 1935 701 2022 juxta
715 1933 811 2001 illud
825 1936 858 2001 S.
875 1933 986 2001 Pauli
999 1934 1106 2021 (Eph.
1116 1956 1151 2000 v.
1161 1937 1230 2022 19):

236 2056 477 2143 “Loquentes
498 2055 766 2142 vobismetipsis
788 2055 828 2121 in
850 2055 1003 2142 psalmis
1025 2059 1061 2123 et
1082 2054 1233 2142 hymnis

232 2179 268 2243 et
283 2174 432 2242 canticis
449 2172 743 2263 spiritualibus.”

278 2351 351 2414 101.
375 2346 562 2428 Noverint‚
586 2346 699 2431 Juxta
725 2343 897 2412 Ecclesiae
923 2343 1045 2427 ritum,
1072 2343 1234 2410 carmina
1337 2445 1338 2454 ἵ

232 2475 428 2543 vernaculo
450 2474 632 2557 idiomate,
652 2473 746 2540 inter
769 2472 965 2541 Missarum
983 2473 1159 2541 solemnia
1173 2475 1231 2542 vel

232 2598 416 2686 Vesperas
443 2598 631 2680 solemnes,
663 2596 854 2663 decantare
883 2615 957 2663 non
986 2595 1103 2664 linere.
1149 2595 1231 2664 Hos

231 2722 352 2786 tamen
382 2717 543 2806 permitti
572 2719 802 2803 potestante
829 2716 886 2783 vel
916 2718 1001 2804 post
1025 2716 1231 2784 functiones
1336 2737 1337 2740 ’

230 2841 499 2909 ecclesiasticas.
547 2840 651 2908 Cone.
669 2841 775 2909 Plan.
796 2861 833 2910 a.
854 2844 927 2907 361.

577 3105 738 3174 CAPUT
773 3105 880 3174 XIII.

233 3284 286 3333 Dn
319 3282 501 3332 PATRONA
538 3281 755 3331 DIOEOESEOS
793 3282 841 3330 ΕΤ
871 3282 923 3330 DE
956 3281 1228 3334 noennsunun

546 3387 662 3436 FESTO
685 3386 917 3437 PATRONALI.

274 3497 347 3560 102.
371 3492 495 3574 Quum
511 3512 534 3558 a
549 3491 710 3560 Concilio
730 3491 951 3560 Provinciali
973 3493 1230 3563 Baltimorensi

232 3614 288 3686 VI
315 3615 427 3683 Beata
457 3613 574 3680 Maria
600 3613 723 3702 Virga
756 3614 832 3684 sine
858 3616 941 3684 labe
967 3615 1160 3706 Ooneeptn,
1191 3617 1229 3685 in

230 3738 429 3807 Patronem
459 3738 639 3807 Americae
669 3739 873 3808 Foederatae
911 3741 1081 3808 Statuam
1118 3742 1229 3810 fuerit
