2686 4398
428 406 472 451 nn
493 405 574 450 rrnn
589 403 799 468 ,ournomcu
1096 391 1113 450 3

158 581 189 643 8.
219 575 364 642 Fideles
387 573 531 661 pariter,
548 592 590 639 ac
614 571 814 659 praesertim
838 571 1116 658 patresfamilias

115 717 215 783 saepe
238 697 454 762 moneantur
473 697 514 760 ut
541 692 663 759 Biblia
685 694 731 758 ab
747 691 959 758 acatholicis
974 691 1109 776 vitiata,

114 821 152 885 et
174 817 287 883 libros
303 814 487 912 Religioni
509 793 575 898 aut
596 813 701 881 bonis
724 814 886 880 moribus
906 813 1114 900 injuriosos,

72 956 75 963 ·
116 943 227 1026 atque
250 935 499 1025 ephemerides
521 936 715 1023 improbas,
728 934 858 1022 procul
872 954 895 1001 a
911 955 948 1002 se
963 936 1115 1022 suisque

117 1057 289 1123 domibus
310 1058 465 1136 arceant,
486 1054 551 1121 sed
580 1054 696 1121 libros
720 1053 844 1141 potius
867 1054 983 1120 bonos
1006 1052 1113 1140 ephe-

117 1178 345 1264 meridesque
362 1175 568 1244 Catholioas
584 1181 706 1243 emant
729 1179 840 1263 atque
866 1176 1110 1245 disseminent.

120 1299 222 1366 Oooc.
248 1297 357 1365 Pica.
377 1315 443 1365 aa.
460 1301 512 1379 16,
532 1300 606 1379 495,
622 1301 696 1381 498,
716 1299 791 1364 505.

160 1455 190 1518 9.
215 1450 404 1528 Quantum
443 1453 616 1537 poterunt
651 1450 856 1518 animarum
892 1450 1061 1518 Pastores
1094 1471 1117 1517 a

116 1570 349 1659 Magnetismi
373 1570 552 1637 abusibus
575 1575 609 1637 et
634 1571 829 1659 Spiritismi
852 1575 962 1659 atque
986 1591 1115 1657 cogna-

115 1697 238 1760 torum
261 1712 426 1760 errorum
448 1691 622 1778 periculis
645 1692 879 1759 Dominicum
894 1711 1038 1778 gregem
1055 1691 1114 1759 de-

118 1814 280 1882 fendant.
331 1813 434 1880 Oeae.
451 1811 560 1879 Pleu.
580 1832 617 1880 a.
637 1817 679 1880 33
696 1813 813 1898 etseq.

162 1989 214 2052 10.
241 1983 459 2050 Moneantur
480 1983 606 2051 fideles
627 1987 670 2051 ut
693 1983 933 2051 Societatibus
955 2004 1038 2050 vere
1062 1983 1118 2050 Se

118 2107 222 2173 cretis
233 2105 379 2171 omnino
390 2105 603 2185 abstineant,
612 2109 723 2191 atque
735 2104 951 2192 hujusmodi
961 2104 1117 2172 coetibus

117 2227 323 2293 renuntiare
335 2246 487 2312 prorsus
499 2225 708 2292 nolentibus
723 2225 906 2292 absolutio
920 2245 1114 2293 sacramen·

117 2349 202 2416 talis
214 2349 420 2435 denegetur.
467 2348 678 2415 Sacerdotes
690 2368 774 2415 vero
790 2367 864 2415 non
879 2353 1010 2414 temere
1026 2347 1117 2415 tales

118 2471 312 2537 Societates
328 2469 512 2536 declarent
535 2469 695 2535 Secretas
707 2471 747 2536 et
762 2468 961 2551 damnatas,
974 2468 1020 2536 de
1036 2468 1116 2555 qui-

116 2592 187 2657 bus
211 2590 290 2657 dari
315 2593 433 2676 potest
454 2588 610 2656 dubium
630 2609 705 2656 non
731 2589 957 2677 imprudens.
1005 2588 1110 2657 Coae.

120 2709 225 2778 Pleu.
242 2711 297 2778 ur.
317 2710 411 2778 XII.

160 2853 212 2915 11.
244 2849 428 2915 Summam
446 2850 724 2931 venerationem,
744 2849 984 2917 obedientiam
1007 2855 1118 2937 atque

118 2970 346 3037 devotionem
362 2990 448 3057 erga
462 2971 631 3037 Sanctam
645 2971 771 3038 Sedem
787 2971 1001 3054 Romanam,
1015 2972 1119 3038 infal-

117 3093 217 3159 libile
243 3092 404 3159 veritatis
422 3094 634 3175 oraculum,
659 3093 856 3160 exhibeant
894 3093 1113 3178 Sacerdotes,

119 3213 270 3299 suisque
290 3195 482 3295 inculcent,
499 3215 534 3280 et
547 3233 663 3300 quum
680 3213 820 3281 miseris
834 3214 934 3282 hisce
949 3215 1117 3301 tempori-

119 3335 189 3400 bus
217 3334 435 3420 temporales
461 3333 634 3401 Ecclesiae
660 3335 909 3422 possessiones
935 3335 1120 3403 detineant

119 3452 247 3540 injusti
262 3453 458 3535 invasores,
479 3459 697 3521 moneantur
717 3454 843 3522 fideles
866 3458 909 3522 ut
922 3455 1119 3523 liberaliter

120 3574 277 3662 spoliato
289 3572 457 3641 Pontifici
473 3576 647 3643 orationis
668 3579 704 3643 et
728 3577 969 3664 eleemosynae
981 3577 1119 3645 tributa

121 3696 338 3783 persolvant.
