2686 4398
510 437 554 482 nn
576 437 751 483 snmrsno.
1113 425 1131 486 7

131 606 181 674 ali
204 607 423 688 numeratos,
444 604 581 671 scilieet
602 605 877 692 baptizatorum,
905 607 1129 674 confirmato-

131 747 224 810 rum,
259 725 585 806 matrimoniorum,
619 725 887 810 defunetorum‚
921 727 961 793 in
993 728 1130 814 quibus

132 847 324 930 diligenter
360 845 489 932 lingua
531 845 643 912 latina
680 845 854 912 adnotent
887 865 1131 935 quaecumque

28 1011 30 1014 -
133 966 283 1034 Rituale
298 987 364 1054 pro
379 967 490 1033 variis
505 966 585 1033 istis
601 966 746 1033 casibus
761 967 971 1054 praescribit.

499 1254 660 1323 CAPUT
690 1255 756 1326 IV.

490 1441 543 1490 DE
564 1441 767 1491 BAPTISMO.

175 1585 227 1648 24.
255 1581 436 1662 Quoniam
452 1580 630 1668 Baptismi
647 1581 917 1648 Sacramentum
933 1603 980 1648 ex
996 1582 1130 1650 Christi

132 1706 281 1773 Domini
295 1706 435 1773 verbis:
457 1704 576 1772 “Nisi
591 1705 675 1791 quis
690 1709 837 1772 renatus
852 1707 962 1773 fuerit
977 1727 1023 1772 ex
1035 1726 1132 1792 aqua

134 1830 169 1892 et
190 1826 327 1912 Spiritu
352 1825 492 1908 Sanum,
512 1844 585 1890 non
609 1828 729 1910 potest
750 1825 898 1892 introire
919 1825 957 1891 in
980 1846 1132 1911 regnum

134 1946 203 2013 Dei
213 1945 232 1978 ’'
250 1945 369 2030 (Joan.
385 1945 434 2013 iii.
455 1947 501 2032 ὅ),
522 1946 669 2012 omnino
690 1946 909 2012 adsalutem
933 1954 987 2012 est
1014 1967 1131 2013 neees-

134 2067 279 2148 sariam,
299 2069 409 2154 atque
436 2066 599 2133 omniurn
630 2066 785 2132 aliorum
818 2066 1130 2134 Sacramentorum

133 2188 245 2254 veluti
257 2188 384 2274 janua,
395 2187 557 2253 maxima
572 2207 660 2253 eura
675 2186 942 2274 providendum
958 2193 1001 2254 ut
1015 2189 1131 2255 cuivis

133 2313 264 2379 idoneo
281 2312 399 2379 debite
415 2312 698 2379 administretur.

175 2515 227 2586 25.
252 2512 340 2578 Ideo
357 2514 484 2578 ourent
502 2510 670 2578 Pastores
693 2515 735 2579 ut
758 2532 883 2579 omnes
904 2511 1040 2596 fideles,
1060 2513 1134 2580 imo

133 2630 324 2698 acatholici
351 2650 444 2717 quos
461 2630 530 2696 hae
551 2630 589 2696 in
613 2650 651 2696 re
674 2629 810 2698 dociles
832 2631 991 2697 invenire
1006 2635 1134 2719 potue·

132 2752 214 2832 rint,
224 2751 403 2838 imprimis
418 2772 502 2818 vero
518 2751 725 2818 obstetrices
740 2755 776 2818 et
790 2752 959 2834 nutrices,
970 2755 1005 2819 et
1020 2773 1134 2840 quan-

133 2874 213 2939 tum
229 2870 306 2938 fieri
321 2871 454 2958 poterit
469 2870 541 2958 ipsi
556 2869 697 2952 medici,
708 2871 798 2937 bene
813 2871 969 2937 calleant
984 2872 1134 2938 modum

132 2987 266 3076 privati
289 2987 526 3075 Baptismatis
557 2987 775 3069 conferendi,
796 2990 839 3053 ut
861 2987 957 3054 illud
979 2989 1017 3053 in
1045 3009 1134 3056 oasu

132 3105 357 3174 necessitatis
384 3105 637 3173 administrare
664 3105 789 3172 sciant.
837 3104 941 3173 Coae.
966 3105 1073 3173 Pleu.
1093 3126 1130 3174 a.

133 3226 208 3291 228.

176 3390 230 3454 26.
257 3387 312 3454 De
337 3386 550 3454 necessitate
574 3386 921 3474 quoqueBaptismi
942 3387 1133 3455 iterumue

135 3507 272 3595 saepius
287 3507 452 3594 populus
470 3509 660 3574 moneatur
674 3506 803 3589 fidelis,
820 3509 855 3573 et
869 3509 1135 3594 praemuniatur

134 3633 261 3696 eontra
282 3627 377 3694 illud
401 3628 519 3695 scelus
541 3647 616 3714 quo
638 3627 761 3694 infans
775 3647 849 3694 non
873 3627 1080 3715 baptizatus
1095 3630 1133 3696 in

134 3749 238 3815 utero
253 3745 466 3814 interficitur
477 3747 611 3813 matris.
662 3746 766 3813 Ooao.
780 3745 888 3812 Pleu.
904 3766 942 3814 a.
958 3750 1032 3814 225.
