2686 4398
537 431 747 477 rnoonnrnn.
1100 411 1144 474 vii

201 602 305 689 Legit
331 600 463 668 deinde
487 601 576 668 Rev,
602 600 648 667 D.
675 599 895 666 Secretarius
919 598 1074 667 Decreta
1096 598 1143 667 de

145 724 356 791 Residentia
372 727 407 790 et
430 722 475 789 de
490 721 720 789 Professione
746 720 851 787 Fidei
872 721 985 808 juxta
1005 719 1139 787 formu·

56 843 58 848 ’
144 846 217 911 lam
244 844 304 911 Pii
319 843 394 910 ΡΡ.
411 842 476 926 IV,
496 861 609 929 quam
636 841 754 928 ipsam
779 841 988 927 praelectam
1016 861 1143 908 omnes

144 972 339 1056 praesentes
366 966 493 1033 Patres
515 965 594 1032 bini
619 970 655 1032 et
676 964 753 1032 bini
786 964 999 1032 accedentes
1030 985 1144 1052 super

146 1091 255 1156 Sacra
291 1087 489 1174 Evangelia
522 1087 731 1174 juramento
768 1085 968 1170 firmarunt,
1010 1085 1144 1173 hisque

146 1211 311 1299 peractis,
339 1210 449 1276 finem
485 1209 616 1296 primae
654 1207 812 1276 Sessioni
841 1206 1020 1295 imposuit
1049 1208 1146 1274 ΠΜ

145 1327 351 1415 Episcopus
367 1327 574 1394 solemniter
588 1326 830 1414 impertiendo
855 1325 1142 1396 benedictionem

146 1459 249 1506 snam
265 1438 519 1525 episcopalem.

203 1545 303 1611 Hora
326 1543 575 1630 pomeridiana
598 1545 758 1611 secunda
782 1565 865 1626 curn
891 1545 1044 1613 dimidio
1061 1566 1144 1612 con-

145 1660 243 1729 venit
267 1660 427 1727 secunda
451 1659 591 1746 Synodi
607 1662 718 1728 sessio
735 1662 773 1728 in
797 1663 929 1730 sacello
946 1667 1142 1730 conventu·

146 1785 196 1851 ali
211 1784 334 1851 Beatae
349 1784 476 1851 Mariae
499 1784 544 1851 de
560 1783 733 1854 Victoriis
756 1789 855 1854 trans
871 1785 1007 1853 fiumen
1024 1785 1142 1854 Oswe·

146 1906 298 1994 gatchie‚
328 1907 392 1973 ubi
416 1907 524 1973 etiam
548 1925 713 1976 secessus
739 1909 911 1976 exercitia
936 1910 1143 1997 spiritualia

146 2030 297 2098 feliciter
318 2029 444 2097 habita
460 2032 611 2098 fuerant.
653 2032 696 2097 In
710 2052 753 2098 ea
764 2033 923 2121 primum
941 2054 1143 2101 sermonem

147 2157 291 2223 brevem
307 2155 355 2222 ad
371 2159 630 2243 congregatum
647 2156 793 2223 Clerum
809 2156 892 2223 fecit
908 2156 1144 2244 Revmunpis-

147 2298 272 2365 copus,
290 2282 373 2364 post
389 2298 508 2365 quem,
529 2297 605 2365 quo
620 2278 774 2346 liberius
789 2278 835 2346 de
851 2280 1049 2366 propositis
1067 2280 1144 2346 Sta-

146 2405 234 2471 tntis
250 2402 491 2470 deliberarent
507 2403 718 2488 synodales,
738 2403 787 2470 ad
810 2405 957 2490 tempus
980 2402 1018 2470 in
1035 2403 1147 2470 conti·

146 2545 261 2614 guum
274 2524 443 2591 conclave
456 2525 607 2591 recessit.
633 2523 744 2607 Tunc,
754 2525 900 2612 incepta
909 2525 1146 2608 discussione,

147 2648 301 2716 Decreta
315 2645 467 2714 Concilii
482 2645 643 2713 Plenarii
655 2647 693 2713 ΙΙ
708 2647 991 2727 Baltimorensis‚
1005 2667 1143 2714 necnon

148 2768 394 2838 Oonciliorum
431 2767 715 2834 Prouincialium
749 2767 1141 2853 Neo-Eboracensium,

148 2894 183 2958 et
198 2888 483 2958 constitutiones
499 2889 635 2975 pariter
649 2892 896 2955 anteactarum
910 2888 1143 2974 synodorum

148 3009 413 3078 Albanensium
429 3008 612 3076 declarata
633 3012 718 3076 sunt
733 3009 945 3096 approbata,
965 3012 1002 3075 et
1019 3028 1144 3096 accep-

147 3136 224 3199 tata
240 3134 325 3198 sunt
336 3134 512 3218 tanquam
529 3131 761 3218 promulgata
776 3134 812 3198 et
823 3131 896 3196 vim
909 3131 1000 3218 legis
1016 3131 1148 3198 haben·

148 3256 200 3322 tia
214 3256 251 3321 in
264 3255 333 3322 hac
343 3255 510 3323 Dioeoesi.
548 3254 659 3321 Lecta
674 3257 760 3321 sunt
772 3253 902 3320 deinde
917 3257 953 3321 et
964 3272 1149 3341 perpensa

149 3381 293 3446 Statuta
312 3379 389 3467 jam
417 3382 545 3466 parata
569 3380 605 3445 et
635 3398 701 3464 pro
739 3378 926 3444 occasione
953 3377 1055 3465 typis
1080 3376 1145 3441 im-

149 3519 283 3588 pressa,
303 3518 355 3579 ac,
369 3497 497 3585 paucis
513 3497 672 3579 mutatis,
686 3498 787 3564 salvo
803 3496 1028 3584 beneplacito
1042 3494 1147 3564 Ordi-

148 3623 252 3705 narii‚
265 3622 360 3690 votis
382 3622 548 3689 omnium
571 3621 725 3689 Patrum
741 3622 976 3710 praesentium
992 3622 1148 3710 probata

150 3756 186 3822 et
201 3752 339 3820 sancita
354 3752 512 3820 fuerunt.
