2686 4398
377 370 421 416 nn
443 370 642 416 sneundune
664 370 932 416 noonnsmsrms.
1097 357 1135 416 33

134 560 287 628 corpore
317 538 491 621 defuncti,
518 560 586 628 pro
620 559 663 606 eo
694 541 904 623 celebretur,
935 542 1131 626 antequam

136 663 339 751 sepulturae
362 664 538 730 tradatur.
586 662 690 730 Ocno.
707 661 815 730 Pleu.
831 683 868 731 rt.
886 667 958 730 394.

178 869 253 932 116.
281 865 472 946 Pecuniae,
498 885 582 952 quae
612 887 632 932 e
662 867 875 934 coemeteriis
913 867 1134 949 derivantur,
1265 895 1268 900 ·

134 1009 351 1076 numquam,
371 1008 606 1083 quocumque
623 989 692 1057 sub
706 991 900 1077 praetextu,
917 1010 1004 1056 suas
1018 989 1135 1057 facere

134 1105 296 1178 audeant
311 1109 491 1193 Pastores,
509 1110 572 1177 sed
589 1131 649 1177 eas
665 1110 713 1177 ad
729 1111 933 1206 coemeteria
949 1109 1134 1192 servanda,

134 1232 374 1299 restauranda
412 1234 524 1318 atque
562 1231 726 1298 ornanda
758 1231 978 1319 expendant.
1032 1229 1135 1298 Oonc.

134 1353 243 1421 Plan.
259 1374 296 1421 rc.
314 1357 387 1420 393.

180 1561 255 1624 117.
280 1557 391 1625 Ritus
414 1558 675 1630 ecclesiasticos
704 1559 879 1626 nolumus
910 1557 1075 1624 adhiberi
1097 1558 1135 1624 in

135 1679 329 1765 sepultura
365 1679 541 1764 fidelium,
568 1681 878 1768 quandocumque
909 1701 1034 1748 eorum
1059 1701 1133 1747 cor-

134 1818 227 1886 pora
239 1799 467 1886 sepeliuntur
478 1801 742 1869 incoemeteriis
755 1805 944 1884 sectarum,
958 1801 1016 1867 vel
1028 1801 1136 1868 etiam

134 1917 174 1984 in
190 1919 403 1987 coemeteriis
418 1921 593 2009 profanis,
615 1922 763 2008 quando
780 1921 916 1989 adsunt
931 1921 1136 1989 coemeteria

135 2038 325 2106 catholica.
373 2039 477 2108 Ooac.
495 2041 601 2108 Pleu.
618 2061 654 2108 rt.
672 2045 745 2108 391.

132 2247 144 2310 t
178 2248 251 2311 118.
281 2244 319 2311 Si
343 2246 463 2311 tamen
497 2243 668 2310 catholici
690 2242 849 2330 alicujus
872 2239 1044 2320 defuncti,
1071 2238 1136 2325 qui

133 2365 244 2432 fuerit
258 2365 306 2432 ad
321 2365 431 2432 fidem
454 2384 659 2448 conversus,
676 2361 937 2450 consanguinei
960 2359 1132 2446 supersti-

134 2493 190 2553 tes
206 2485 278 2552 sint
292 2485 496 2568 acatholici,
516 2460 553 2553 et
566 2485 726 2553 fundum
741 2484 780 2551 in
795 2483 915 2550 alieno
931 2480 1135 2550 cmmeterio

139 2608 218 2694 jam
235 2606 458 2694 possideant,
472 2605 717 2694 permittimus
732 2607 775 2672 ut
789 2601 957 2690 exequiae
972 2601 1010 2668 in
1026 2601 1135 2668 domo

134 2731 195 2799 vel
210 2732 318 2798 etiam
334 2732 482 2817 publice
504 2732 542 2798 in
565 2731 716 2798 ecclesia
738 2730 974 2812 celebrentur,
995 2727 1025 2794 si
1048 2726 1135 2793 Pas-

134 2851 206 2919 tori
222 2851 395 2940 expedire
411 2853 531 2920 visum
546 2851 666 2920 luerit.
717 2851 820 2919 Oocc.
840 2850 947 2918 Pleu.
963 2869 1000 2916 a.
1017 2851 1091 2914 392.

180 3079 254 3143 119.
281 3075 462 3163 Neganda
476 3096 562 3143 vero
585 3078 641 3142 est
662 3071 904 3143 ecclesiastica
920 3072 1133 3160 sepultura:

179 3229 221 3295 1⁰.
238 3228 466 3313 Infidelibus,
496 3219 677 3298 haereticis
703 3230 888 3294 eteorum
916 3224 1134 3304 fautoribus,

136 3351 231 3420 sicut
245 3355 282 3419 et
295 3351 473 3440 apostatis
488 3372 511 3418 a
526 3349 713 3419 catholica
728 3349 811 3416 fide.

178 3473 220 3540 2⁰.
238 3471 290 3540 Iis
316 3473 382 3560 qui
409 3471 479 3540 sibi
510 3471 601 3559 ipsis
627 3474 775 3538 mortem
808 3467 1061 3536 consciverunt
1087 3464 1133 3531 ob

135 3593 425 3682 desperationem
449 3593 506 3660 vel
531 3592 768 3675 iracundiam,
789 3590 859 3658 nisi
882 3592 965 3656 ante
980 3589 1132 3654 mortem

134 3713 300 3782 dederint
326 3713 430 3800 signa
453 3712 686 3801 poenitentiae.
746 3711 851 3778 Haec¹
870 3712 991 3777 tamen
1022 3725 1133 3794 poena
