2686 4398
210 428 265 492 viii
600 440 810 485 naccunnuu.

266 610 329 678 Ad
363 609 472 676 finem
500 607 678 696 perducta
710 605 976 689 deliberatione,
1015 605 1208 692 Synodum

210 731 340 798 iterum
367 729 552 816 ingressus
580 731 635 795 est
664 727 758 794 mma
780 727 987 815 Episcopus
1017 729 1053 793 et
1079 745 1207 792 omnes

210 850 377 918 invitavit
397 850 445 916 ad
470 848 664 937 specialem
687 850 904 915 conventum
931 848 1021 914 hora
1051 846 1207 934 septima

212 990 294 1038 oum
311 970 464 1038 dimidia
478 968 683 1056 vespertina
697 967 745 1034 ad
758 966 928 1054 quaedam
944 965 1208 1034 consideranda

212 1093 366 1179 negotia,
394 1110 489 1178 quas,
509 1091 575 1158 etsi
590 1110 663 1157 non
691 1090 740 1156 ad
771 1089 961 1175 Synodum
991 1087 1203 1176 spectantia,

212 1233 287 1282 non
302 1214 406 1302 parvi
421 1217 542 1281 tamen
568 1215 669 1279 erant
692 1211 874 1296 momenti,
894 1211 934 1278 id
957 1211 1059 1298 quod
1080 1231 1209 1299 reapse

212 1339 375 1424 tempore
390 1335 528 1403 factum
544 1340 599 1403 est
613 1335 782 1402 indicato.

271 1458 452 1526 Postridie
475 1479 589 1543 mane,
610 1459 668 1526 die
684 1463 740 1525 14⁵
756 1459 859 1544 tulii,
880 1459 1047 1527 ultimam
1071 1459 1212 1546 Synodi

215 1581 409 1648 sessionem
436 1580 620 1647 inchoavit
645 1580 740 1646 111ιῃηι
755 1580 972 1670 Episcopus,
993 1581 1209 1649 celebrando

215 1700 364 1767 Sacrum
391 1701 561 1767 omnibus
588 1702 838 1788 praesentibus,
858 1705 894 1770 et
915 1722 1004 1769 mox
1028 1702 1113 1770 laeto
1138 1723 1211 1769 ser·

216 1841 321 1887 mone
343 1819 487 1888 Olenum
505 1841 613 1888 suum
639 1822 685 1889 de
711 1822 806 1890 felici
827 1823 967 1909 Synodi
987 1822 1090 1890 exitu
1114 1843 1211 1890 sum-

215 1959 361 2027 mopere
382 1941 598 2028 gratulatus,
626 1940 824 2009 declaravit
845 1962 940 2010 nova
963 1943 1116 2026 Statuta,
1143 1944 1212 2010 etsi

215 2083 263 2130 ex
278 2083 376 2131 nuno
402 2065 644 2153 promulgata,
672 2066 746 2132 vim
768 2070 888 2133 tamen
919 2086 992 2133 non
1025 2067 1206 2148 habitura,

216 2180 433 2268 priusquam
449 2183 549 2270 typis
572 2182 744 2250 mandata
769 2183 807 2250 in
824 2183 987 2251 omnium
1010 2203 1214 2250 manusve

216 2302 345 2369 narint.
389 2303 594 2371 Admonuit
614 2311 761 2393 paterne
785 2325 911 2372 omnes
935 2311 978 2372 ut
1003 2304 1041 2371 iu
1067 2305 1212 2392 praxim

217 2422 401 2490 deducant
414 2423 568 2490 fideliter
588 2423 702 2510 Leges
725 2424 960 2492 Dioecesanas
982 2426 1095 2513 juxta
1110 2423 1213 2512 spiri·

217 2544 296 2608 tum
309 2545 345 2608 ct
356 2541 522 2623 litteram,
533 2547 577 2623 et,
587 2545 737 2610 cunctos
749 2542 963 2610 exhortatus
977 2549 1019 2610 ut
1030 2562 1115 2630 erga
1126 2542 1216 2609 invi.

220 2681 297 2728 cem
324 2681 465 2750 semper
490 2661 636 2730 foveant
651 2664 861 2731 charitatem
877 2663 1084 2746 fraternam,
1099 2662 1212 2730 nomi·

220 2781 329 2849 nibus
370 2781 533 2849 omnium
566 2782 703 2850 vocatis
736 2803 759 2850 a
782 2783 869 2850 Rev.
897 2782 1103 2866 Secretario,
1132 2801 1216 2849 cum

219 2901 467 2970 benedictione
483 2901 683 2990 episcopali
696 2901 861 2988 singulos
876 2901 925 2968 ad
941 2921 1009 2970 sua
1025 2920 1216 2988 cumpace

220 3021 366 3090 dimisit.
