2686 4398
513 410 557 454 nn
579 409 755 454 anrrrsuo.
1109 393 1127 450 9

130 582 179 646 ob
194 579 333 647 itineris
348 577 613 665 longitudinem
629 578 686 644 vel
703 577 952 644 difficultatem
971 573 1128 662 parenti-

131 705 202 770 bus
229 707 264 770 et
290 702 445 790 patrinis
468 701 577 768 nimis
602 720 711 788 grave
738 699 830 766 foret
855 699 1055 765 infantulos
1081 696 1130 763 ad

131 822 319 889 ecclesiam
350 820 488 887 deleme
517 817 767 907 baptizandos.
827 817 930 884 Ocno.
956 815 1064 882 Pleu.
1091 832 1129 882 a:

132 946 209 1008 237.

179 1129 230 1193 32.
259 1125 478 1193 Conceditur
499 1125 605 1192 etiam
632 1128 673 1191 ut
688 1124 899 1212 Baptismus
925 1123 1132 1191 solemniter

144 1245 418 1312 administretur
441 1245 480 1311 in
506 1245 649 1312 aedibus
681 1241 886 1311 Sacerdotis
910 1242 1059 1330 quando
1084 1263 1132 1309 ex

134 1369 268 1434 collato
293 1367 332 1433 in
355 1367 506 1434 ecclesia
529 1366 718 1454 Baptismo
740 1387 874 1453 magna
897 1369 1134 1455 sequerentur

132 1488 365 1554 incommoda
387 1489 461 1554 sive
484 1487 557 1575 ipsi
582 1488 776 1571 Sacerdoti,
801 1488 875 1554 sive
898 1488 993 1575 proli
1015 1488 1133 1574 bapti-

134 1607 269 1673 zandae.
292 1642 295 1647 ·

179 1809 230 1870 33.
255 1804 313 1872 Ne
329 1826 377 1872 ex
392 1806 551 1894 alicujus
566 1808 729 1887 avaritia,
743 1809 929 1875 occasione
944 1807 1132 1896 Baptismi,

136 1925 417 1994 introducantur
440 1928 589 2011 abusus,
610 1932 645 1996 et
670 1949 716 1996 ne
744 1929 1015 1996 Sacramentum
1041 1930 1134 1998 adeo

137 2046 379 2112 necessarium
392 2046 551 2134 cuipiam
565 2048 644 2113 dari
653 2049 869 2135 negligatur,
881 2048 1007 2116 nullus
1019 2049 1135 2116 Sacer·

137 2165 205 2231 dos
230 2167 418 2252 pactiones
442 2166 488 2234 de
518 2169 774 2250 oblationibus
802 2169 910 2235 etiam
946 2169 1129 2253 indirecte,

137 2291 220 2354 ante
246 2287 478 2374 Baptismum
506 2291 697 2376 proponat.
751 2288 929 2359 Vetamus
958 2291 1079 2377 igitur,
1100 2295 1136 2358 et

137 2407 207 2473 sub
222 2426 332 2493 poena
348 2407 495 2493 quidem
512 2408 772 2494 suspensionis,
794 2429 838 2476 ne
856 2408 1030 2476 infantem
1047 2411 1133 2498 bap-

137 2529 244 2594 tizare
259 2537 399 2594 recuset
415 2530 483 2596 sub
500 2532 683 2615 praetextu
700 2528 863 2597 defectus
886 2533 951 2597 ant
974 2533 1134 2598 subtrac-

138 2651 247 2718 tionis
271 2651 506 2718 oblationum.
555 2652 608 2719 Ea
632 2673 716 2718 vero
744 2673 829 2739 quae
853 2656 937 2740 post
961 2655 1135 2721 collatum

138 2773 328 2860 Baptisma
342 2792 365 2838 a
380 2772 550 2839 fidelibus
566 2772 777 2854 offeruntur,
792 2773 976 2857 Sacerdos,
991 2773 1020 2840 si
1036 2775 1134 2857 velit,

138 2897 302 2984 accipiat.
350 2896 425 2980 er.
445 2916 482 2964 n.
500 2899 551 2964 15.

181 3105 233 3168 34.
260 3101 410 3186 Petrini,
431 3122 589 3189 quorum
618 3123 718 3170 unus
747 3102 807 3170 vel
835 3123 911 3170 una
941 3104 1067 3170 saltem
1096 3103 1136 3169 in

139 3223 329 3308 Baptismo
354 3223 506 3290 solemni
529 3225 598 3290 sub
620 3224 723 3311 gravi
745 3224 908 3291 adhiberi
931 3225 1046 3305 debet,
1064 3225 1136 3292 sint

139 3345 267 3431 quales
282 3343 443 3410 Ecclesia
465 3344 626 3431 requirit.
673 3345 733 3410 Ad
759 3344 828 3411 hoc
853 3348 973 3411 autem
1002 3365 1135 3412 munus

139 3491 186 3537 ex
202 3469 358 3537 Ritualis
370 3470 476 3536 etiam
493 3470 715 3558 praescripto,
732 3470 946 3538 admittendi
962 3491 1035 3537 non
1051 3473 1136 3538 sunt

140 3591 304 3658 infideles
326 3593 392 3657 aut
413 3589 574 3660 haeretici
598 3594 663 3658 aut
684 3591 832 3678 publice
858 3591 1042 3659 criminosi
1069 3595 1134 3658 aut

140 3711 204 3799 qui
219 3711 305 3777 fidei
321 3711 526 3777 rudimenta
540 3710 717 3797 ignorant.
767 3710 869 3778 Coae.
884 3711 991 3779 Pleu.
1007 3731 1044 3780 a.
1060 3714 1135 3778 231.
