2686 4398
206 363 245 424 68
502 377 615 424 mnnx
635 377 906 425 sunnennmoua

1147 523 1207 568 rac.

206 589 486 652 Exnmunroass
503 636 1116 654 ...............................
1176 591 1208 654 vi

246 669 490 812 Expjminatores
504 669 579 732 oleri
600 673 633 731 et
647 670 802 732 librorum
823 671 1042 753 designantur.
1083 671 1123 733 In
1329 701 1330 774 1

321 770 453 813 rooemso.
563 798 567 802 -

207 903 392 964 Exrosmro
421 919 463 963 nr
491 902 708 964 Bsunnrorro
741 901 966 964 Snuomssuu
994 902 1126 965 saona·

288 999 398 1044 unum
421 1029 1115 1046 ...................................
1168 985 1208 1046 15

250 1063 494 1204 81111101111111111111
509 1063 643 1125 solemni
665 1063 757 1124 oultn
780 1063 951 1146 aliquando
965 1083 1125 1144 exponen·

312 1165 376 1206 um.
403 1148 451 1206 53.

249 1225 324 1287 Non
339 1226 395 1286 fiat
409 1225 472 1286 nisi
486 1245 523 1285 ex
538 1243 633 1286 eausa
648 1224 817 1287 Ordinario
832 1225 974 1305 probata
997 1229 1045 1286 54.

212 1343 218 1352 f
249 1306 289 1367 In
304 1325 340 1366 ea
354 1305 550 1386 expositione
574 1307 683 1366 stricte
708 1313 874 1370 serventur
887 1307 1075 1386 praecripta
1088 1305 1123 1367 in

291 1386 518 1447 anremoniali.
540 1389 588 1447 54.

251 1466 469 1548 Quadraginta
491 1467 654 1528 Horarum
682 1466 849 1548 Expositio
872 1466 1125 1529 commendatur.

250 1553 359 1690 Po5tist
381 1627 449 1689 haee
474 1627 541 1689 fieri
570 1647 645 1689 oum
673 1627 965 1690 modificationibus
989 1627 1126 1690 indultis

288 1728 345 1790 pro
361 1709 485 1770 dioeoesi
501 1709 733 1770 Baltimorensi.
755 1713 803 1770 56.

208 1902 531 1966 uxrasmuuono
545 1947 1119 1966 .............................
1168 1904 1210 1964 19

249 1984 412 2046 Fidelibus
440 1989 619 2064 opportune
649 1983 851 2063 procuranda
884 1982 1023 2046 maximo
1050 2002 1126 2045 oum

289 2065 394 2126 adhuc
408 2065 550 2145 gaudent
564 2083 623 2124 usu
639 2065 779 2125 rationis
803 2067 850 2138 66,
867 2067 914 2127 67.

249 2145 491 2210 Sacramentum
507 2145 567 2206 hoo
578 2164 644 2205 non
659 2144 843 2225 negandum
858 2145 906 2220 iis,
915 2143 970 2226 qui
985 2143 1124 2206 eeclesia

290 2226 430 2288 subsidia
444 2225 550 2287 debita
564 2226 800 2288 subtraxerunt
823 2228 870 2286 68.

250 2306 391 2370 Caveant
404 2311 576 2387 pastoresa
597 2306 796 2385 suscipiendo
813 2325 907 2367 onere
921 2306 986 2368 sivo
1008 2305 1124 2367 deseri·

290 2387 384 2450 bendi
399 2388 463 2449 sive
478 2387 653 2467 exequendi
678 2393 908 2449 testamentum
930 2395 1124 2468 aegrotorum

290 2488 368 2548 quos
383 2468 523 2531 visitant.
546 2472 593 2531 70.

208 2629 319 2692 Fusus
343 2673 1121 2692 .......................................
1166 2631 1209 2692 00

250 2711 336 2772 Festi
350 2710 417 2771 dies
431 2709 555 2772 colendi
579 2711 698 2790 populo
719 2709 754 2770 in
775 2715 975 2771 antecessum
998 2729 1125 2770 annun-

290 2791 402 2852 tiandi.
425 2794 491 2853 107.

250 2872 382 2934 Festum
398 2871 656 2932 Praesentationis
674 2870 780 2933 Beata
795 2870 905 2932 Marias
920 2869 1064 2952 Virginis
1078 2875 1127 2932 est

290 2953 407 3014 festum
433 2952 601 3013 Patronale
624 2952 762 3014 civitatis
782 2951 968 3032 episcopalis
984 2951 1125 3033 Ogdens·

290 3033 464 3114 burgensis.
486 3036 553 3094 103.

249 3113 380 3177 Festum
392 3113 555 3194 patronala
580 3133 634 3176 sau
659 3113 790 3175 titulare
813 3112 968 3194 cujusque
988 3111 1125 3174 ecclesia

289 3194 521 3259 celebrandum.
539 3198 606 3256 104.

208 3387 533 3532 mittissimus
546 3431 1118 3550 tisunpausaretur·
1184 3389 1206 3448 ²

210 3619 214 3627 ,
250 3549 298 3612 De
310 3549 370 3612 fids
384 3557 432 3611 est
445 3554 534 3610 extra
544 3548 742 3611 Catholiosm
756 3549 949 3612 Fooolesiam
965 3548 1125 3609 neminem

291 3631 412 3691 salvum
428 3629 495 3691 fieri
509 3647 607 3709 posse.
628 3633 656 3691 ὅ.
