2686 4398
420 437 534 484 1uoux
556 435 825 488 aurnasamous.
1081 419 1119 484 71

160 601 434 745 Amlorendiqgunt
447 599 583 662 fidelesa
598 599 721 681 nuptiis
734 598 883 662 ineundis
897 601 1038 680 tempore
1059 571 1121 618 ω·

202 702 316 746 causo.
378 727 385 741 .

160 765 213 827 Ne
227 764 297 845 quis
312 762 442 824 alterius
455 761 591 842 pastoris
605 761 713 823 fideles
724 761 909 842 conjungat
932 763 980 835 17,
991 763 1038 822 84.

162 844 343 908 Honoraria
357 842 414 904 tali
430 842 593 904 occasione
617 845 765 923 percepta
785 843 843 904 sub
858 841 954 902 titulo
970 840 1038 921 jus·

203 925 283 987 titiae
297 923 503 985 restituenda.
525 926 572 984 18.

161 1004 370 1068 Matrimonia
383 1004 484 1066 mixta
498 1003 710 1066 dissuadenda
723 1003 820 1065 etiam
834 1023 890 1083 per
900 1003 1037 1064 instruo·

202 1086 323 1148 tionem
333 1084 505 1165 quotannis
513 1084 651 1146 dandam
661 1084 699 1146 de
708 1104 818 1145 eorum
828 1084 978 1164 periculo.
989 1085 1037 1144 80.

161 1167 229 1230 Sub
244 1167 360 1246 quibus
373 1165 611 1227 conditionibus
625 1164 754 1227 tolerari
765 1168 926 1244 poterunt.
948 1167 996 1225 81.

161 1246 367 1311 Matrimonia
383 1246 485 1307 mixta
499 1245 684 1308 celebranda
704 1246 773 1308 sine
787 1245 854 1307 ullo
868 1245 934 1326 ritu
950 1262 1037 1306 sacro

201 1334 233 1390 et
247 1332 337 1390 extra
350 1326 521 1389 ecclesiam.
548 1329 595 1389 82.

161 1409 224 1485 Qui
240 1406 485 1470 Matrimonium
508 1407 669 1470 contraxit
683 1425 789 1469 coram
809 1425 953 1488 praeoone
968 1424 1038 1467 aaa·

202 1489 321 1552 tholico
339 1487 702 1552 excommunicationem
724 1492 915 1550 reservatam
929 1487 1037 1549 incur·

201 1571 252 1632 rit.
274 1573 322 1632 83.

161 1649 370 1713 Matrimonia
385 1648 624 1711 Catholioorum
646 1668 712 1712 non
736 1652 813 1710 sunt
836 1651 926 1710 extra
940 1646 1036 1709 eccle·

202 1732 281 1794 siam
296 1731 489 1792 celebranda.
513 1733 559 1794 75.

161 1812 443 1874 Matrimoniorum
457 1810 537 1872 liber
551 1810 717 1872 tenendus.
738 1813 786 1872 23.

118 1973 253 2036 Mamor
274 1995 293 2034 .’
294 2014 1027 2035 .....................................

161 2055 300 2117 Curetur
314 2057 352 2114 ut
366 2052 467 2114 sciant
481 2051 622 2114 conferre
637 2051 841 2132 Baptismum
855 2051 890 2114 in
904 2052 1036 2114 necessi·
1098 1974 1116 2037 7

201 2138 275 2196 tate.
301 2137 350 2195 25.

161 2216 236 2278 Non
261 2214 492 2295 permittantur
520 2211 661 2275 occidere
695 2213 855 2275 infantem
883 2213 918 2274 in
946 2218 1038 2277 utero

201 2295 321 2357 matris
345 2297 393 2356 26.

118 2444 306 2507 Mamurra
314 2488 1028 2506 ....................................
1075 2446 1115 2505 40

160 2525 243 2587 Eam
258 2544 322 2586 non
337 2530 502 2586 exerceant
516 2523 630 2586 clerici.
654 2526 722 2585 140.

118 2685 239 2749 Mrssn.
288 2686 365 2748 Vide
380 2684 610 2748 Sacarurcrurr
625 2683 745 2745 Mrssr.

118 2848 302 2910 Mumuuus
318 2891 1030 2910 ....................................
1077 2850 1116 2909 42

162 2927 311 2990 Mulieres
333 2947 398 2988 non
424 2925 667 3008 consanguineae
696 2945 762 2987 non
786 2925 935 2987 habitent
962 2945 1038 2988 cum

202 3007 433 3072 Sacerdotibus.
459 3011 528 3082 146,
545 3010 612 3072 147.
682 3039 683 3042 “

163 3089 358 3151 Olcrioorum
379 3088 502 3150 ancillae
524 3088 590 3150 sint
612 3087 690 3150 tales
710 3106 780 3167 quae
801 3085 956 3168 effugiant
970 3108 1037 3150 om·

201 3190 274 3231 nem
289 3169 510 3249 suspicionem.
532 3172 600 3230 146.

165 3250 384 3313 Confessiones
399 3249 570 3311 mulierum
584 3269 649 3310 non
673 3247 840 3313 audiendae
861 3253 950 3313 extra
963 3268 1039 3312 oon-

201 3330 368 3392 fessionale
383 3331 444 3392 nisi
459 3330 493 3391 in
508 3330 703 3392 necessitate.
727 3333 776 3391 60.

465 3411 541 3474 Vide
556 3411 782 3476 Buuumono.

118 3544 869 3705 tritt.·..;.a.·...a.·..u.·...··.·.;·.·..·
882 3588 1040 3703 utut...
1079 3544 1118 3604 2⁸

202 3705 293 3767 ducit
307 3705 347 3766 ad
361 3704 505 3767 decorem
520 3705 635 3767 cultus.
659 3708 707 3766 99.

160 3785 283 3884 'Cratera
298 3787 368 3848 uide
382 3787 419 3848 ia
432 3788 519 3849 uerbo
535 3785 676 3848 Gaurus
691 3800 980 3847 uoounsrnsmous.
