2686 4398
222 371 263 430 34
375 383 506 430 SYNODI
528 383 858 431 OGDENSBURGENSIS
878 386 894 430 1
915 385 1074 432 snorum.

223 552 371 618 minime
387 552 597 619 extenditur
611 553 659 620 ad
675 573 737 634 eos
753 552 818 640 qui
834 573 872 620 se
886 553 988 641 ipsos
1010 554 1222 623 occiderunt

223 694 270 740 ex
285 673 435 740 insania.

266 795 308 860 3⁰.
324 793 570 861 Pereuntibus
596 795 731 879 duella
751 795 918 862 dederint
943 796 1002 862 vel
1025 816 1098 864 non
1114 797 1222 864 dede·

85 903 88 913 ⁴
222 913 296 981 rint
311 913 569 1001 resipiscentiae
584 914 729 982 indicia.

267 1037 308 1102 4⁰.
326 1035 530 1104 Manifestis
553 1039 589 1103 et
610 1037 770 1125 publicis
793 1037 1047 1125 peccatoribus
1069 1039 1137 1127 qui
1159 1039 1223 1106 im-

223 1158 442 1245 poenitentes
457 1157 567 1223 vitam
586 1146 805 1225 clauserunt.
856 1157 1079 1227 OnnaPleo.
1092 1179 1130 1228 n.
1148 1164 1224 1228 389.

268 1345 341 1410 120.
366 1341 522 1423 Quando
538 1342 577 1409 in
592 1343 779 1431 praedictis
801 1344 948 1412 casibus
975 1345 1134 1413 occurrit
1159 1346 1226 1414 du-

225 1465 338 1548 bium,
366 1466 588 1550 consulatur,
617 1467 648 1534 si
670 1467 709 1534 id
735 1465 814 1533 fieri
838 1466 965 1554 possit,
997 1466 1225 1536 Ordiuarius.
1326 1511 1327 1570 ἱ

226 1585 337 1654 Secus
352 1584 390 1651 in
405 1588 545 1672 partem
563 1583 722 1652 lenitatis
743 1585 867 1672 potius
890 1587 946 1652 est
959 1584 1224 1653 inclinandum.

224 1708 254 1774 I
255 1706 330 1776 bid.

270 1861 344 1925 121.
368 1858 526 1926 Omnino
547 1878 730 1946 pauperes
744 1859 857 1946 gratis
871 1879 1025 1947 prorsus
1048 1859 1226 1946 sepeliun-

224 1981 295 2046 tur.
348 1977 450 2046 Ocno.
467 1978 576 2047 Pleu.
591 1998 629 2046 a.
646 1982 719 2046 393.

580 2262 740 2332 OAPUT
763 2263 865 2335 XVI.

464 2431 516 2480 nn
538 2432 652 2482 noms
674 2431 992 2481 nconns1ssn1o1s.

269 2568 344 2634 122.
367 2564 592 2634 Universalis
606 2565 779 2634 Ecclesiae
794 2585 951 2634 canones
965 2567 1090 2634 vetant
1104 2586 1151 2633 ne
1166 2586 1227 2634 no·

226 2711 314 2760 vum
326 2691 505 2780 templum
518 2695 649 2760 temere
661 2692 720 2759 vel
733 2692 874 2779 absque
884 2690 1059 2780 Episcopi
1072 2691 1228 2760 auctori-

225 2815 300 2880 tate
312 2811 482 2900 erigatur.
513 2810 601 2879 Ideo
611 2811 745 2880 nemini
755 2811 863 2880 licere
871 2809 1146 2880 declaramusiu
1157 2810 1226 2880 hnc

227 2935 387 3004 Dioecesi
402 2935 448 3004 de
464 2955 558 3004 nova
574 2935 790 3005 aedificanda
804 2936 955 3004 ecclesia
969 2939 1034 3004 aut
1045 2936 1091 3004 de
1105 2939 1226 3004 vetere

225 3058 333 3126 novis
349 3056 610 3126 structionibus
631 3057 890 3146 amplificanda
908 3061 1066 3126 statuere
1080 3057 1227 3147 aliquid

226 3177 283 3246 vel
313 3177 434 3246 moliri
463 3179 602 3266 absque
637 3178 812 3248 facultate
846 3179 883 3248 N
885 3181 983 3248 ostia
1011 3179 1051 3248 in
1080 3179 1228 3268 scriptis

226 3299 361 3369 habita.
405 3299 495 3388 Syn.
512 3297 593 3367 Alb.
606 3301 662 3368 II.

270 3475 343 3540 123.
368 3471 462 3541 Cum
487 3474 610 3539 autem
635 3491 709 3539 non
735 3491 817 3540 raro
840 3472 1013 3542 acciderit
1035 3475 1079 3542 ut
1100 3472 1228 3560 gravia
1326 3483 1327 3574 t

227 3597 308 3662 orta
330 3592 403 3660 siut
423 3593 519 3661 mala
535 3597 685 3681 propter
700 3592 823 3662 debita
837 3615 860 3663 a
876 3595 1134 3664 Sacerdotibus
1149 3595 1226 3664 sive
1326 3607 1327 3674 Ῡ

227 3687 266 3783 in
282 3713 506 3784 aedificandis
529 3715 605 3783 sive
626 3713 666 3783 in
688 3717 956 3806 amplificandis
970 3723 1036 3787 aut
1051 3717 1226 3788 ornandis
