2686 4398
197 362 230 420 [6
347 372 477 417 SYNODI
499 369 827 416 OGDENSBURGENSIS
849 368 862 411 1
885 368 1042 414 STATUTA.

548 657 709 727 CAPUT
731 656 835 726 VIII.

380 835 432 883 nn
456 834 712 884 snonrununo
737 832 1004 881 Pmmnnumm.

234 980 287 1044 57.
317 976 525 1041 “Sanctum
550 973 781 1040 Poenitentiae
814 972 1097 1054 Sacramentum,
1119 977 1195 1038 tan·

193 1119 305 1187 quam
322 1097 492 1164 humanae
507 1097 726 1162 infirmitatis
741 1094 951 1177 remedium,
972 1094 1021 1160 ad
1035 1115 1106 1176 eos,
1128 1094 1196 1181 qui

193 1223 279 1306 post
294 1218 524 1304 Baptismum
548 1217 644 1303 lapsi
660 1221 754 1298 sunt,
774 1217 811 1281 in
834 1217 989 1301 gratiam
1009 1214 1079 1282 Dei
1093 1217 1210 1300 restig

195 1338 359 1419 tuendos,
377 1357 399 1404 a
414 1336 559 1405 Christo
575 1335 733 1402 Domino
750 1336 968 1417 innutritum,
985 1357 1028 1402 eo
1044 1335 1196 1422 diligen·

194 1458 268 1523 tius
284 1456 614 1523 administrandum
633 1461 696 1535 est,
714 1475 788 1540 quo
803 1454 1028 1541 frequentior
1042 1459 1098 1520 est
1112 1455 1196 1540 ejus
1324 1503 1325 1538 r

194 1599 295 1660 usne,
312 1581 348 1645 et
371 1598 446 1664 quo
462 1578 571 1664 plura
593 1577 830 1663 requiruntur
852 1577 900 1642 ad
915 1576 1011 1643 illud
1026 1576 1092 1641 rite
1115 1575 1196 1663 dig·
1324 1629 1325 1650 ,

194 1716 312 1785 neque
336 1698 567 1764 tractandum
601 1717 642 1763 ac
677 1695 988 1784 suscipIendum.'’
1038 1695 1198 1762 Ritaale

194 1818 301 1884 Rom.

238 1990 289 2053 58.
314 1987 491 2073 Magnum
507 1990 543 2053 et
558 1986 715 2053 arduum
732 1989 785 2053 est
807 2006 942 2054 munus
962 1986 1064 2073 qnod
1090 1986 1196 2052 mini·

196 2109 269 2174 stro
294 2107 513 2173 Sacramenti
536 2105 766 2174 Poenitenbae
796 2106 981 2173 incumbit.
1038 2105 1082 2172 In
1113 2105 1197 2194 ipso

196 2226 288 2295 enim
307 2227 545 2315 requiruntur
560 2227 717 2309 scientia,
737 2228 881 2294 bonitas
904 2231 1015 2314 atque
1035 2228 1196 2315 pruden-

196 2350 256 2433 tia,
276 2354 319 2417 ut
341 2350 574 2438 poenItentem
590 2349 741 2436 judicet,
769 2349 938 2416 absolvat
962 2369 1004 2416 ac
1033 2353 1145 2430 sanet,
1161 2357 1197 2416 et
1324 2369 1325 2372 ’

198 2469 418 2538 inviolabilis
446 2469 517 2536 oris
541 2468 716 2550 custodia,
739 2472 779 2535 ut
801 2471 951 2555 peccata
965 2469 1003 2535 iu
1020 2468 1199 2537 Confessi·
1324 2465 1325 2474 ³

196 2611 264 2660 one
280 2589 350 2658 sibi
364 2590 532 2677 exposita
547 2593 680 2656 aeterno
697 2588 839 2656 silentio
855 2593 1005 2676 premat.
1051 2588 1197 2669 Quibus
1324 2591 1325 2618 ¹

197 2711 366 2778 omnibns
381 2715 423 2778 nt
435 2709 507 2778 siut
520 2709 652 2788 idonei,
669 2709 769 2778 omni
784 2708 907 2777 studio
924 2729 1050 2776 curare
1063 2708 1198 2776 debent

197 2831 425 2900 confessarii.
478 2830 581 2899 Coae.
603 2830 711 2899 Pleu.
730 2851 795 2898 rra.
812 2833 886 2912 279,
899 2832 972 2911 280,
992 2832 1065 2896 290.

240 3023 292 3087 59.
309 3019 582 3108 Qunm‚praeter
593 3016 834 3101 Ordinem‚ad
846 3019 966 3086 valide
982 3017 1197 3086 remittenda
1324 3005 1325 3012 ἵ

197 3144 345 3229 peccata
359 3141 566 3228 requiratur
576 3141 796 3229 jurisdictio,
807 3140 1064 3227 unusquinque
1078 3139 1197 3206 Sacer·
1324 3155 1325 3206 ἴ

198 3261 276 3337 dos,
286 3261 336 3328 ad
347 3261 590 3328 confessiones
606 3260 840 3348 excipiendas
852 3260 1087 3348 approbatus,
1103 3279 1198 3345 quas

198 3379 389 3448 facultates
405 3380 545 3462 habeat,
566 3400 660 3468 quas
676 3401 750 3448 non
765 3380 901 3447 habeat
917 3378 1118 3467 prudenter
1137 3397 1200 3444 ex·

199 3501 329 3588 quirat
377 3499 480 3568 Ocno.
494 3498 601 3566 Pleo.
616 3519 653 3566 a.
670 3502 743 3565 277.

242 3692 294 3756 60.
322 3686 397 3755 Sub
412 3687 513 3774 gravi
528 3685 763 3776 praecipimus
778 3688 821 3752 nt
836 3703 887 3765 ea,
898 3701 982 3770 quae
998 3701 1020 3748 a
1035 3677 1197 3750 Concilio
