2686 4398
469 406 514 456 uu
535 405 765 453 maronicum.
1077 401 1115 462 23

114 577 238 658 velint,
262 573 565 663 proclamationes
594 572 683 655 istis,
711 573 862 660 perinde
892 595 934 646 ac
964 579 1116 668 reliquis

114 696 351 785 temporibus,
365 695 463 777 fiant,
480 694 551 760 nisi
566 694 670 780 prius
684 695 794 762 fuerit
810 696 957 765 obtenta
972 699 1116 788 dispen-

114 819 218 885 satio,
270 815 373 884 Ocno.
393 815 502 882 Pleu.
519 835 556 882 a.
574 819 647 882 333.
716 875 718 882 Α

158 978 210 1040 80.
234 971 338 1039 Nihil
362 973 531 1039 omittant
552 970 723 1040 Pastores
738 975 780 1040 ut
801 973 927 1042 fideles
950 976 1116 1046 aMixtis

117 1095 297 1181 conjugiis
327 1094 583 1162 deterreantur.
638 1095 727 1163 Ideo
756 1097 960 1166 animarum
990 1120 1115 1166 curam

117 1217 289 1284 habentes
319 1217 508 1286 hortamur
538 1221 581 1284 ut
610 1220 720 1286 semel
749 1219 787 1286 in
817 1240 923 1304 annc,
954 1225 1116 1309 tempore

116 1341 318 1426 praesertim
335 1340 528 1407 Adventus
540 1341 597 1408 vel
610 1340 916 1429 Quadragesimae‚
927 1344 1029 1430 gravi
1045 1365 1114 1411 ser·

115 1481 222 1526 mone
237 1481 364 1547 greges
381 1461 449 1527 sibi
467 1462 678 1530 commissos
694 1464 800 1544 mala,
812 1483 897 1550 quae
912 1485 959 1530 ex
974 1465 1018 1532 iis
1035 1465 1115 1552 pul-

115 1580 245 1663 lulant,
260 1581 443 1664 edoceant,
459 1557 644 1668 simulque
665 1581 752 1648 fidei
766 1583 929 1668 pericula
944 1583 1115 1666 indicent,

115 1721 210 1788 quae
227 1706 303 1767 tum
321 1702 417 1788 parti
433 1703 632 1786 catholicae,
647 1707 725 1770 turn
737 1704 873 1771 futurae
888 1705 983 1792 proli
999 1705 1114 1772 immi-

115 1826 212 1888 nent.
258 1822 482 1890 Gravissima
513 1825 751 1891 ostendantur
784 1824 898 1892 fuisse
932 1826 1115 1892 rationum

115 1948 306 2024 momenta,
324 1944 460 2030 quibus
477 1949 640 2030 permota
656 1944 789 2013 Christi
812 1944 973 2011 Ecclesia
1000 1945 1036 2013 id
1059 1967 1116 2032 ge

117 2081 189 2129 nus
204 2063 417 2149 nuptiarum
441 2065 572 2131 acriter
586 2085 728 2151 semper
750 2066 915 2148 vetuerit,
935 2085 978 2131 ac
993 2066 1114 2132 etiam·

116 2205 204 2250 num
221 2189 325 2252 vetet.
373 2185 478 2253 Oocc.
495 2185 602 2253 Pleu.
621 2205 658 2254 o.
675 2190 747 2253 336.

158 2363 210 2423 81.
234 2316 416 2441 Attamen,
441 2359 471 2426 si
506 2364 655 2446 propter
688 2359 927 2444 particulares
957 2359 1115 2426 rationes

64 2512 66 2515 ·
115 2476 391 2544 Matrimonium
414 2478 629 2566 hujusmodi
652 2479 826 2566 expedire
855 2479 1031 2563 videatur,
1064 2499 1115 2546 se·

115 2602 557 2692 quentia'diligentissime
574 2608 707 2678 servari
722 2609 959 2695 praecipimus
974 2631 981 2676 :

159 2757 200 2820 1⁰.
218 2757 267 2825 Ut
282 2759 426 2825 nullum
443 2759 540 2827 adsit
551 2760 755 2845 periculum
767 2760 1008 2848 perversionis
1019 2761 1116 2849 parti

116 2877 315 2946 catholicae.
1028 2875 1031 2881 “

157 3003 199 3068 2⁰.
216 3002 266 3069 Ut
280 3023 365 3090 pars
381 3001 569 3085 catholica,
585 3002 621 3068 in
648 3006 829 3088 quantum
855 3003 998 3091 poterit,
1017 3003 1115 3069 labo-

115 3109 277 3188 raturam
294 3142 331 3188 se
353 3121 543 3209 promittat
560 3141 629 3210 pro
645 3123 877 3190 conversione
900 3122 1014 3211 partis
1036 3142 1115 3188 aca-

115 3239 271 3306 tholicae.
542 3237 546 3244 ’
611 3238 615 3245 ’
846 3237 848 3244 ’

159 3362 201 3428 3⁰.
214 3361 263 3432 Ut
273 3380 358 3448 pars
370 3358 571 3427 acatholica
582 3360 771 3447 promittat
782 3360 956 3447 comperti
968 3358 1117 3426 catholi-

115 3499 178 3561 eae,
192 3479 242 3566 (c)
258 3465 472 3546 exercitium
483 3478 639 3546 liberum
652 3497 730 3546 suae
741 3477 944 3565 religionis3
967 3477 1115 3564 (d)Bap

115 3600 266 3668 tismum
281 3603 318 3666 et
332 3599 584 3667 educationem
600 3599 714 3686 prolis
729 3599 922 3685 utriusque
944 3619 1054 3666 sexus
1077 3599 1116 3665 in

115 3721 188 3788 frde
204 3720 391 3787 catholica.
