2686 4398
424 388 539 436 ruuux
561 387 827 434 Anrnnsurrous.
1085 372 1123 431 65

1065 531 1125 576 PAG-

127 602 320 665 Oouuuruo
344 646 1036 664 ..................................
1085 603 1123 662 11

167 683 291 744 Fideles
316 682 356 744 sd
391 682 590 762 frequentem
626 681 895 744 Communionem
929 681 1043 743 adhor-

209 763 309 826 tandi.
334 768 383 825 41.

168 843 334 918 Quomodo
350 843 390 904 ad
404 844 548 905 infirmos
563 845 605 905 sit
626 841 795 905 deferenda
816 842 917 923 iisque
931 842 1042 904 minis-

207 926 329 986 tranda.
356 928 404 997 45,
420 928 469 998 46,
485 927 533 987 47.

167 1005 345 1067 Periculose
359 1005 495 1066 infirmis
509 1007 615 1086 potest
629 1003 744 1085 saepius
758 1003 881 1065 deferri.
903 1007 952 1066 45.

166 1087 242 1148 Non
264 1087 424 1148 deferatur
450 1085 694 1148 Sanctissimum
716 1085 958 1147 Sacramentum
980 1084 1043 1147 nisi

207 1186 244 1228 ex
260 1186 355 1228 causa
369 1167 487 1228 actuali
502 1172 534 1228 et
548 1165 686 1246 urgenti.
707 1169 756 1228 48.

167 1247 269 1328 Super
283 1259 394 1328 pectus
409 1267 531 1327 semper
544 1247 744 1327 gestandum.
768 1249 817 1307 46.

166 1328 307 1408 Tempus
323 1328 567 1390 Communionis
582 1327 742 1389 Paschalis
767 1346 785 1388 a
809 1326 913 1406 prima
932 1326 1043 1388 Domi·

208 1410 281 1470 nica
292 1408 547 1489 Quadragesimae
554 1411 655 1489 'usque
671 1409 711 1469 ad
725 1407 930 1469 Dominicam
946 1409 1043 1470 Sanc·

207 1491 339 1552 tissima
355 1489 524 1550 Trinitatis
539 1489 730 1550 extenditur.
752 1491 801 1549 41.

168 1571 221 1631 Ad
234 1571 370 1651 primam
382 1569 649 1633 Communionem
663 1569 833 1649 diligenter
844 1569 1044 1649 praeparandi

208 1651 308 1730 pueri.
329 1655 377 1716 42.

169 1732 359 1794 Solemniter
373 1731 441 1793 haee
456 1732 550 1792 detur
561 1735 633 1812 post
647 1731 792 1792 triduum
807 1729 1038 1793 exercitiorum.

168 1893 222 1954 Ad
236 1913 306 1955 eam
321 1892 535 1954 admittantur
554 1892 651 1954 citius
665 1891 755 1973 pueri
769 1891 926 1954 morituri.
952 1895 1001 1954 44.

127 2055 292 2118 Oournux
323 2097 1038 2117 ....................................
1087 2056 1127 2116 18

169 2134 305 2210 Quando
320 2155 386 2196 non
401 2134 503 2196 valeat
518 2134 684 2196 absolvere.
707 2137 753 2196 65.

170 2217 288 2278 (lasum
313 2222 506 2278 reservatum
529 2215 665 2277 incurrit
689 2215 743 2296 qui
765 2214 901 2277 absolvit
914 2214 1045 2296 compli-

210 2316 279 2358 cem
293 2297 327 2358 in
342 2302 471 2377 peccato
487 2297 582 2375 turpi.
606 2299 652 2357 65.

128 2459 305 2522 (tororum
327 2503 1040 2521 ....................................
1108 2461 1127 2518 1

171 2539 353 2601 Concilium
366 2539 550 2600 Plenarium
563 2539 792 2600 Boltimorense
807 2539 842 2599 Il
856 2543 888 2599 et
904 2537 1048 2600 Ooncilia

211 2619 423 2682 Provincialia
451 2619 745 2681 Neo-Eboracensia
768 2619 803 2680 in
832 2620 893 2680 hac
921 2619 1047 2681 Diocesi

210 2701 413 2781 promulgata
428 2699 638 2763 declarantur.
663 2701 690 2773 1,
706 2703 734 2760 2.

172 2779 315 2862 Singulis
330 2781 550 2923 salltpm3annis
564 2779 735 2860 legendum
751 2780 933 2843 Concilium
948 2779 1048 2842 Balti-

212 2880 356 2924 morense
407 2907 414 2922 .
457 2907 464 2922 .

130 3024 395 3087 Oousssssarus
410 3069 1042 3086 ................................
1091 3023 1130 3082 16

171 3103 220 3166 Ut
235 3103 338 3165 valide
352 3110 493 3165 exerceat
515 3121 642 3177 munus
657 3103 773 3165 habeat
792 3103 1049 3185 jurisdictionem

214 3203 337 3246 necesse
351 3189 399 3246 est
408 3204 417 3260 ;
439 3203 535 3264 quare
551 3203 628 3264 quas
649 3185 817 3247 facultates
832 3185 957 3260 habeat,
972 3203 1049 3265 quas

215 3284 277 3325 non
294 3265 409 3326 babeat
423 3265 576 3344 exquirat.
598 3268 646 3326 59.

173 3348 205 3406 Α
220 3347 344 3408 casibus
369 3346 534 3407 reservatis
555 3365 648 3406 nemo
664 3347 730 3408 sine
756 3347 884 3427 speciali
899 3344 1049 3426 Episcopi

215 3426 344 3487 licentia
359 3426 517 3494 absolrere
532 3426 624 3488 valet.
647 3431 694 3488 65.

175 3506 395 3568 Confessarius
429 3507 639 3568 consessiones
667 3505 814 3586 excipiat,
846 3510 921 3588 toga
956 3506 1050 3568 talari

216 3588 440 3667 superpelliceo
455 3593 487 3648 et
502 3587 582 3649 stola
595 3587 738 3649 indutus.
761 3591 809 3663 19,
825 3591 872 3649 61.

175 3666 299 3741 Quibus
314 3669 442 3730 dotibus
457 3675 589 3729 ornatus
603 3687 668 3730 esse
683 3669 802 3730 debeat.
826 3671 874 3731 58.

177 3749 371 3811 Libertatem
386 3749 588 3810 conscientias
603 3750 714 3811 foveat.
739 3751 785 3810 62.
