2686 4398
354 385 399 428 nn
420 382 649 429 encasnanro
672 379 909 426 recurrnnmm.
1092 364 1132 427 1⁷

128 553 386 622 Baltimorensi
418 551 562 618 decreta
597 549 748 615 fuerunt
778 547 824 614 de
861 545 1131 613 confessionali-

128 678 199 744 bus
221 677 260 741 in
284 673 446 741 ecclesiis
462 671 653 758 erigendis,
673 669 898 736 adamussim
921 675 1123 737 serventur.

126 798 259 884 Itaque
283 794 562 863 confessionalia
584 793 642 859 vel
658 793 784 858 saltem
806 792 1000 879 perforatae
1016 796 1131 860 crates

129 917 253 984 statim
275 915 463 1000 erigantur
485 913 522 979 in
539 913 708 979 omnibus
724 912 883 977 ecclesiis
899 914 935 978 ct
949 912 1126 996 oratoriis,

129 1059 197 1104 nec
221 1038 381 1122 amplius
402 1039 531 1122 postea
555 1034 625 1100 ulli
653 1033 836 1100 Sacerdoti
860 1033 981 1101 licebit
996 1034 1068 1101 alio
1090 1035 1129 1100 in

74 1159 77 1164 “
130 1158 212 1224 loco
235 1155 476 1224 confessiones
506 1154 673 1240 excipere
698 1153 893 1219 mulierum
911 1153 966 1219 vel
988 1153 1128 1242 puella-

128 1300 221 1362 rum,
238 1279 309 1346 nisi
325 1279 383 1344 hae
406 1276 542 1344 fuerint
557 1279 704 1363 aegrotae
720 1277 776 1342 vel
803 1277 924 1343 surdae
939 1277 996 1343 vel
1022 1279 1130 1344 aetate

127 1401 332 1490 decrepitae.
384 1400 488 1467 Oeae.
501 1399 608 1467 Pleu.
621 1419 686 1467 aa.
702 1403 776 1483 294,
796 1402 870 1483 295,
889 1403 964 1466 296.

172 1610 225 1672 61.
250 1606 294 1672 In
310 1605 396 1672 sede
411 1625 496 1690 ergo
517 1603 779 1685 confessionali‚
795 1607 899 1670 extra
920 1623 1046 1670 casum
1068 1623 1129 1670 ne-

129 1726 318 1807 cessitatis,
352 1744 489 1791 munus
522 1724 697 1791 audiendi
726 1724 969 1790 confessiones
999 1724 1132 1790 obeant

131 1841 353 1922 Sacerdotes,
378 1844 415 1907 et
438 1841 507 1906 hoc
534 1846 631 1906 veste
658 1840 775 1922 talari,
804 1839 1067 1926 superpelliceo
1094 1843 1132 1906 et

131 1962 225 2028 stola
239 1961 371 2027 induti.
416 1959 505 2047 Syn.
521 1959 604 2026 Alb.
624 1960 680 2026 II.

175 2178 227 2242 62.
251 2174 376 2255 Quum
400 2173 522 2260 magni
552 2172 598 2240 sit
622 2172 794 2239 momenti
820 2176 864 2239 ut
889 2172 1037 2240 libertas
1059 2193 1130 2240 ser·

130 2299 237 2361 vetur
266 2293 506 2374 conscientiae,
537 2291 708 2359 Pastores
745 2293 883 2379 aliique
913 2291 1133 2360 confessarii

129 2435 227 2503 aegre
242 2435 317 2482 non
332 2414 451 2481 ferant
466 2414 569 2501 quod
580 2435 705 2481 eornm
721 2415 938 2503 poenitentes
951 2416 1054 2483 alteri
1071 2417 1133 2483 ali-

130 2537 283 2624 quando
299 2535 547 2602 confiteantur.
594 2535 683 2623 Syn.
700 2523 784 2602 Alb.
795 2536 851 2602 II.

177 2763 230 2826 63.
257 2757 427 2826 Pastores
442 2761 478 2824 et
489 2758 553 2824 alii
564 2757 782 2826 confessarii
798 2780 939 2848 semper
953 2762 1135 2847 paratissi-

136 2900 214 2947 mos
228 2899 265 2946 se
280 2878 477 2946 exhibeant
492 2879 539 2945 ad
555 2878 720 2946 fidelium
736 2880 979 2948 confessiones
1002 2882 1136 2970 excipi·

132 3002 259 3085 endas,
300 3000 459 3068 maxime
498 3001 630 3068 diebus
669 3002 826 3085 Sabbati,
868 3002 1136 3091 Festorumque

132 3119 278 3208 vigiliis,
298 3123 364 3186 etc.
417 3119 519 3187 Onne.
536 3117 645 3187 Pan.
661 3140 697 3188 a.
714 3124 788 3188 291.

180 3330 232 3392 64.
257 3324 394 3405 Quater
409 3324 536 3391 saltem
559 3324 596 3390 in
619 3344 724 3408 anne,
745 3329 782 3393 et
797 3326 996 3413 praesertim
1013 3328 1044 3394 si
1060 3327 1137 3394 fieri

135 3447 265 3535 possit,
280 3445 447 3526 Quatuor
456 3445 676 3533 Temporum
691 3445 799 3531 feriis,
814 3446 861 3513 ad
873 3447 1136 3515 confessionem

137 3569 362 3636 advocentur
384 3568 500 3655 pueri,
517 3569 583 3655 qni
607 3569 771 3635 nondum
798 3569 1040 3638 Sanctissimae
1064 3570 1136 3638 Eu-

139 3688 321 3756 charistiae
346 3687 540 3775 participes
566 3687 652 3755 facti
682 3693 777 3772 sunt,
808 3689 991 3758 eomodo
1020 3710 1138 3778 eaque
