2686 4398
453 405 565 452 INDEX
588 406 855 452 ALPHABETIGUS.

192 567 257 628 Pro
270 567 339 648 ejus
353 567 447 628 officii
464 567 614 644 impensis
630 571 704 628 taxa
718 567 876 629 solvenda.
898 571 945 633 87.

193 649 322 729 Regulae
339 647 542 709 Cancellariae
557 647 774 709 Dicecesaneae.
816 650 899 730 App.
914 649 953 712 V.

150 809 595 872 OranusEccnaemerrcue
609 855 1060 877 .......................
1108 820 1148 880 28

192 890 343 952 Carmina
357 890 524 951 vernaculo
546 888 698 952 idiomate
719 890 805 953 inira
826 891 996 955 Missurum
1018 913 1066 957 ao-

229 971 348 1032 lemnia
359 971 408 1032 vel
421 970 575 1052 Vesperas
590 990 656 1032 non
670 975 849 1033 cantentur.
872 975 939 1034 101.

189 1051 228 1113 Id
250 1051 325 1114 licet
353 1055 427 1113 ante
441 1052 491 1114 vel
515 1055 589 1136 post
616 1052 798 1114 functiones
829 1053 1062 1120 ecclesiasticae.

192 1214 302 1276 Gloria
316 1217 348 1274 et
366 1213 460 1276 Credo
482 1212 719 1275 concludantur
732 1213 766 1275 in
782 1214 879 1276 choro
894 1218 1066 1296 antequam

229 1294 327 1356 Missa
341 1294 557 1357 continuetur.
580 1297 626 1357 97.

189 1374 376 1454 Optandum
391 1379 429 1436 ut
444 1376 509 1456 ipae
523 1375 661 1456 populus
683 1375 802 1438 Divina
817 1377 920 1438 officia
934 1380 1062 1440 cantare

227 1455 386 1517 doceatur.
408 1459 476 1518 100.

146 1615 257 1679 Oreus
272 1617 469 1678 Resainan
485 1664 814 1681 .................
826 1607 827 1610 '
828 1665 1057 1683 ............
1106 1624 1145 1685 18

186 1698 238 1758 Ab
266 1697 330 1758 illie
358 1717 451 1758 nemo
480 1697 548 1760 aine
578 1698 704 1777 speciali
726 1699 880 1761 facultate
904 1700 1064 1764 absolvere

186 1780 436 1920 Ellrlleslailtbur.
459 1861 506 1921 65.

144 2019 447 2082 Ouraanenmcun
462 2066 1055 2087 ..............................
1103 2027 1142 2090 37

184 2102 215 2162 Α
232 2100 365 2181 singulis
380 2100 565 2162 Pastoribua
587 2101 775 2163 solvendum
791 2104 963 2184 quotannis
976 2104 1062 2167 infra

226 2181 380 2244 Octavam
395 2181 614 2244 Immaculatae
627 2182 861 2264 Conceptionis.
883 2187 950 2246 132.

142 2343 323 2406 anneum
339 2389 1053 2409 ....................................
1101 2349 1140 2409 41

184 2423 314 2486 Clericia
328 2423 576 2486 interdicuntur.
604 2427 672 2487 144.

141 2584 316 2648 Graecam
338 2631 1054 2651 ....................................
1101 2591 1139 2652 31

181 2665 245 2726 Eae
259 2685 361 2746 neque
370 2670 458 2739 ferre,
469 2686 571 2746 neque
586 2667 774 2729 comminari
785 2668 912 2749 propria
923 2669 1060 2731 auctori·

222 2751 286 2808 tate
300 2747 408 2808 valent
423 2747 576 2810 Pastores.
599 2752 668 2809 110.

139 2877 1052 3026 001111111111111001111111111
1100 2883 1140 2944 2⁸

222 3057 289 3099 eam
304 3038 412 3099 ardere
427 3039 551 3102 debent.
574 3043 621 3102 98.

138 3199 344 3262 0111101011
376 3247 1049 3271 ..................................
1097 3211 1138 3271 40

180 3280 262 3341 Eam
277 3299 342 3341 non
358 3285 525 3342 exerceant
539 3282 653 3344 clerici.
676 3287 744 3346 140.

138 3441 293 3505 Ononnm
314 3488 1048 3511 .....................................
1097 3453 1136 3512 40

176 3522 221 3584 Iis
236 3522 342 3584 clerici
357 3543 397 3584 ue
411 3523 571 3586 intersint.
594 3527 661 3586 140.

137 3685 282 3748 Ouarnoi
313 3731 1047 3752 .....................................
1094 3694 1134 3754 39

177 3764 371 3845 Exemplum
387 3763 452 3828 sint
463 3766 615 3832 fidelium.
640 3770 707 3830 138.
1018 3787 1021 3796 ’
