2686 4398
219 390 259 448 24
374 400 505 449 sunoor
527 398 856 447 ocnmrsnuncnnsrs
877 399 892 444 1
914 398 1072 444 suarum.

261 573 303 637 4⁰.
320 571 370 640 Ut
384 571 436 639 sic
451 571 630 638 nubentes
646 590 719 636 non
736 570 810 636 sint
826 569 1032 637 ministrum
1047 568 1223 637 acatholi-

219 713 303 760 cum
318 690 465 773 adituri,
478 691 626 758 foederis
641 689 920 758 matrimonialis
935 690 1089 757 iterandi
1101 711 1225 758 causa„

221 813 325 880 Ocno.
343 811 451 878 Pleu.
468 829 533 878 on.
550 814 625 894 334,
644 813 718 877 338.

262 979 327 1069 82.Ι
343 1000 574 1068 Meminerint
612 998 763 1087 insuper
801 999 1012 1068 Sacerdotes
1052 999 1228 1088 pluribus

222 1122 456 1189 Summorum
486 1118 707 1185 Pontificum
730 1118 883 1186 decretis
913 1118 1027 1185 vetari
1051 1137 1097 1185 ne
1123 1119 1229 1186 ullus

218 1261 319 1308 sacer
340 1239 434 1306 ritus
456 1238 529 1319 fiat,
549 1237 607 1305 vel
630 1237 740 1304 vestis
764 1256 867 1303 sacra
881 1235 1109 1321 adhibeatur,
1134 1237 1227 1304 dum

142 1391 144 1394 ·
219 1362 357 1429 foedera
383 1358 601 1446 huJusmodi
627 1358 810 1441 ineuntur,
831 1378 916 1445 quae
939 1378 984 1425 ne
1010 1357 1049 1425 in
1075 1358 1230 1427 ecclesia

219 1483 370 1571 quidem
387 1481 550 1548 ineunda
566 1485 662 1547 sunt.
711 1479 742 1545 I
743 1479 818 1547 bid.

263 1656 315 1720 83.
340 1651 513 1718 Districte
529 1652 637 1718 etiam
653 1649 893 1737 prohibemus
910 1670 955 1717 ne
971 1649 1151 1720 Catholici
1172 1652 1227 1718 in·

219 1777 276 1840 tra
305 1771 421 1858 hujus
452 1769 658 1836 Dioeoeseos
699 1767 833 1834 limites
862 1767 1138 1834 Matrimonium
1169 1769 1228 1835 vel

219 1893 314 1959 inter
326 1912 374 1973 se,
383 1890 440 1957 vel
453 1908 537 1956 cum
549 1887 760 1954 acatholicis
776 1906 896 1968 coram
910 1887 1141 1974 praeoonibus
1157 1908 1230 1955 sec·

223 2017 356 2094 tarum,
372 2009 449 2077 ullo
465 2010 503 2074 in
525 2027 646 2075 rerum
662 2010 805 2091 eventu,
825 2007 1037 2075 contrahere
1051 2009 1225 2078 audeant.

221 2131 331 2213 Quod
359 2130 391 2197 si
415 2127 573 2211 fecerint,
594 2127 759 2193 noverint
782 2146 829 2210 se,
848 2127 930 2215 ipso
956 2126 1063 2210 facto,
1084 2148 1229 2195 excom-

221 2249 460 2318 municationi
482 2247 600 2314 Nobis
616 2252 806 2314 reservata
823 2247 1020 2334 subjacere.

265 2425 318 2488 84.
344 2420 421 2487 Sub
436 2417 538 2506 gravi
554 2422 721 2485 vetamus
736 2436 782 2483 ne
794 2415 879 2502 quis
890 2415 1041 2484 alterius
1053 2415 1230 2500 Pastoris,

222 2542 339 2628 hujus
366 2559 440 2608 non
478 2539 626 2606 obtenta
654 2535 810 2620 licentia,
841 2535 968 2604 fideles
993 2534 1231 2606 Matrimonio

223 2661 430 2748 conjungat.
478 2658 555 2743 an
571 2677 608 2725 a.
624 2661 678 2725 17.

266 2817 318 2882 85.
343 2812 471 2882 Omnis
495 2831 563 2900 pro
594 2809 932 2898 dispensationibus
965 2809 1164 2897 applicatio
1189 2811 1230 2878 in

223 2935 368 3022 scriptis
384 2953 407 3000 a
423 2933 614 3001 Sacerdote
630 2930 708 2998 fieri
724 2930 840 3014 debet,
861 2929 928 3017 qui
943 2929 1053 2998 simul
1068 2931 1230 3000 rationes

222 3056 427 3136 canonicas,
443 3054 490 3120 ob
506 3072 599 3140 quas
622 3051 759 3140 petitur
773 3050 956 3137 ejusmodi
979 3049 1071 3137 legis
1085 3053 1228 3120 relaxa·

221 3178 284 3258 tio,
304 3173 501 3242 exhibebit.
548 3173 637 3259 Syn.
655 3171 736 3238 Alc.
751 3171 805 3238 II.

266 3356 317 3420 86.
335 3349 633 3438 Dispensationes
645 3367 769 3415 omnes
781 3367 849 3434 per
860 3345 1124 3414 cancellarium
1135 3347 1229 3416 Nos·

223 3475 320 3540 trum
347 3473 433 3538 sunt
460 3467 637 3556 petendae,
657 3469 693 3534 et
719 3485 852 3550 omnes,
872 3484 957 3553 quae
977 3467 1133 3535 obtenta
1148 3467 1228 3536 fus·

224 3591 304 3672 rint,
325 3591 362 3656 in
389 3589 483 3656 libro
511 3585 828 3654 Matrimoniomm
858 3585 1090 3656 adnotandae.
1133 3586 1224 3674 Spu

224 3709 306 3777 Alb.
325 3709 379 3778 II.
