<?xml version="1.0" encoding="UTF-8"?>
<!DOCTYPE html PUBLIC "-//W3C//DTD XHTML 1.0 Transitional//EN"
    "http://www.w3.org/TR/xhtml1/DTD/xhtml1-transitional.dtd">
<html xmlns="http://www.w3.org/1999/xhtml" xml:lang="en" lang="en">
 <head>
  <title>
</title>
<meta http-equiv="Content-Type" content="text/html;charset=utf-8" />
  <meta name='ocr-system' content='tesseract 3.04.00' />
  <meta name='ocr-capabilities' content='ocr_page ocr_carea ocr_par ocr_line ocrx_word'/>
</head>
<body>
  <div class='ocr_page' id='page_1' title='image "./statutadioecese00wadhgoog_0052.png"; bbox 0 0 2686 4398; ppageno 0'>
   <div class='ocr_carea' id='block_1_1' title="bbox 382 401 1137 461">
    <p class='ocr_par' dir='ltr' id='par_1_1' title="bbox 382 401 1137 461">
     <span class='ocr_line' id='line_1_1' title="bbox 382 401 1137 461; baseline 0 -3"><span class='ocrx_word' id='word_1_1' title='bbox 382 413 428 458; x_wconf 86' lang='lat' dir='ltr'>nu</span> <span class='ocrx_word' id='word_1_2' title='bbox 449 414 624 461; x_wconf 77' lang='lat' dir='ltr'>anamma</span> <span class='ocrx_word' id='word_1_3' title='bbox 645 413 892 460; x_wconf 80' lang='lat' dir='ltr'>nocuusmuun.</span> <span class='ocrx_word' id='word_1_4' title='bbox 1099 401 1137 459; x_wconf 86' lang='grc'>31</span> 
     </span>
    </p>
   </div>
   <div class='ocr_carea' id='block_1_2' title="bbox 132 581 1136 1257">
    <p class='ocr_par' dir='ltr' id='par_1_2' title="bbox 132 581 1136 1257">
     <span class='ocr_line' id='line_1_2' title="bbox 183 581 1135 650; baseline 0.002 -3"><span class='ocrx_word' id='word_1_5' title='bbox 183 585 256 648; x_wconf 88' lang='lat'><strong>108.</strong></span> <span class='ocrx_word' id='word_1_6' title='bbox 280 581 510 650; x_wconf 88' lang='lat' dir='ltr'>Meminerint</span> <span class='ocrx_word' id='word_1_7' title='bbox 538 602 604 650; x_wconf 85' lang='lat' dir='ltr'>nec</span> <span class='ocrx_word' id='word_1_8' title='bbox 634 583 705 650; x_wconf 85' lang='lat' dir='ltr'>sibi</span> <span class='ocrx_word' id='word_1_9' title='bbox 737 582 845 650; x_wconf 87' lang='lat' dir='ltr'>licere</span> <span class='ocrx_word' id='word_1_10' title='bbox 874 582 1004 650; x_wconf 88' lang='lat' dir='ltr'>diebus</span> <span class='ocrx_word' id='word_1_11' title='bbox 1034 583 1135 650; x_wconf 86' lang='lat' dir='ltr'>festis</span> 
     </span>
     <span class='ocr_line' id='line_1_3' title="bbox 132 703 1136 793; baseline 0 -23"><span class='ocrx_word' id='word_1_12' title='bbox 132 705 325 792; x_wconf 82' lang='lat' dir='ltr'>praedictis</span> <span class='ocrx_word' id='word_1_13' title='bbox 339 726 362 772; x_wconf 87' lang='lat' dir='ltr'>a</span> <span class='ocrx_word' id='word_1_14' title='bbox 377 726 485 793; x_wconf 86' lang='lat' dir='ltr'>grege</span> <span class='ocrx_word' id='word_1_15' title='bbox 501 725 569 772; x_wconf 89' lang='lat' dir='ltr'>suo</span> <span class='ocrx_word' id='word_1_16' title='bbox 584 706 721 787; x_wconf 90' lang='lat' dir='ltr'>abesse,</span> <span class='ocrx_word' id='word_1_17' title='bbox 731 703 802 770; x_wconf 89' lang='lat' dir='ltr'>uisi</span> <span class='ocrx_word' id='word_1_18' title='bbox 817 723 929 772; x_wconf 86' lang='lat' dir='ltr'>causa</span> <span class='ocrx_word' id='word_1_19' title='bbox 944 703 1047 791; x_wconf 88' lang='lat' dir='ltr'>prius</span> <span class='ocrx_word' id='word_1_20' title='bbox 1062 703 1136 770; x_wconf 82' lang='lat' dir='ltr'>No</span> 
     </span>
     <span class='ocr_line' id='line_1_4' title="bbox 134 823 1135 913; baseline -0.002 -21"><span class='ocrx_word' id='word_1_21' title='bbox 134 823 196 892; x_wconf 90' lang='lat' dir='ltr'>bis</span> <span class='ocrx_word' id='word_1_22' title='bbox 222 825 366 912; x_wconf 85' lang='lat' dir='ltr'>cognita</span> <span class='ocrx_word' id='word_1_23' title='bbox 396 825 443 892; x_wconf 93' lang='lat' dir='ltr'>sit</span> <span class='ocrx_word' id='word_1_24' title='bbox 464 828 501 892; x_wconf 88' lang='lat' dir='ltr'>et</span> <span class='ocrx_word' id='word_1_25' title='bbox 528 825 693 913; x_wconf 87' lang='lat' dir='ltr'>probata.</span> <span class='ocrx_word' id='word_1_26' title='bbox 744 823 782 890; x_wconf 84' lang='lat' dir='ltr'>Si</span> <span class='ocrx_word' id='word_1_27' title='bbox 807 824 958 910; x_wconf 86' lang='lat' dir='ltr'>quando</span> <span class='ocrx_word' id='word_1_28' title='bbox 980 844 1065 892; x_wconf 82' lang='lat' dir='ltr'>ver—o</span> <span class='ocrx_word' id='word_1_29' title='bbox 1087 843 1135 890; x_wconf 87' lang='lat' dir='ltr'>ex</span> 
     </span>
     <span class='ocr_line' id='line_1_5' title="bbox 134 942 1135 1033; baseline -0.001 -22"><span class='ocrx_word' id='word_1_30' title='bbox 134 944 328 1032; x_wconf 85' lang='lat' dir='ltr'>inopinato</span> <span class='ocrx_word' id='word_1_31' title='bbox 354 945 546 1033; x_wconf 90' lang='lat' dir='ltr'>contigerit</span> <span class='ocrx_word' id='word_1_32' title='bbox 567 965 642 1011; x_wconf 91' lang='lat' dir='ltr'>non</span> <span class='ocrx_word' id='word_1_33' title='bbox 666 946 861 1031; x_wconf 80' lang='lat' dir='ltr'>suppetere</span> <span class='ocrx_word' id='word_1_34' title='bbox 886 946 1033 1031; x_wconf 91' lang='lat' dir='ltr'>tempus</span> <span class='ocrx_word' id='word_1_35' title='bbox 1055 942 1135 1010; x_wconf 85' lang='lat' dir='ltr'>Nos</span> 
     </span>
     <span class='ocr_line' id='line_1_6' title="bbox 135 1064 1136 1152; baseline -0.004 -19"><span class='ocrx_word' id='word_1_36' title='bbox 135 1067 365 1152; x_wconf 88' lang='lat' dir='ltr'>consulendi,</span> <span class='ocrx_word' id='word_1_37' title='bbox 392 1087 469 1134; x_wconf 90' lang='lat' dir='ltr'>rem</span> <span class='ocrx_word' id='word_1_38' title='bbox 491 1069 604 1134; x_wconf 90' lang='lat' dir='ltr'>totam</span> <span class='ocrx_word' id='word_1_39' title='bbox 637 1064 756 1132; x_wconf 89' lang='lat' dir='ltr'>Nobis</span> <span class='ocrx_word' id='word_1_40' title='bbox 779 1064 935 1132; x_wconf 81' lang='lat' dir='ltr'>subinde</span> <span class='ocrx_word' id='word_1_41' title='bbox 958 1064 1136 1150; x_wconf 87' lang='lat' dir='ltr'>signitica-</span> 
     </span>
     <span class='ocr_line' id='line_1_7' title="bbox 134 1186 661 1257; baseline -0.008 -2"><span class='ocrx_word' id='word_1_42' title='bbox 134 1186 239 1255; x_wconf 80' lang='lat' dir='ltr'>bunt</span> <span class='ocrx_word' id='word_1_43' title='bbox 287 1189 393 1257; x_wconf 75' lang='lat' dir='ltr'>coco.</span> <span class='ocrx_word' id='word_1_44' title='bbox 409 1187 518 1257; x_wconf 74' lang='lat' dir='ltr'>Pica.</span> <span class='ocrx_word' id='word_1_45' title='bbox 534 1207 571 1255; x_wconf 79' lang='lat' dir='ltr'>a.</span> <span class='ocrx_word' id='word_1_46' title='bbox 587 1190 661 1253; x_wconf 90' lang='grc'><strong>114.</strong></span> 
     </span>
    </p>
   </div>
   <div class='ocr_carea' id='block_1_3' title="bbox 134 1335 1138 2032">
    <p class='ocr_par' dir='ltr' id='par_1_3' title="bbox 134 1335 1138 2032">
     <span class='ocr_line' id='line_1_8' title="bbox 181 1335 1135 1430; baseline -0.002 -21"><span class='ocrx_word' id='word_1_47' title='bbox 181 1346 255 1410; x_wconf 86' lang='grc'><strong>109.</strong></span> <span class='ocrx_word' id='word_1_48' title='bbox 280 1342 353 1410; x_wconf 92' lang='lat' dir='ltr'>Pro</span> <span class='ocrx_word' id='word_1_49' title='bbox 368 1361 508 1430; x_wconf 84' lang='lat' dir='ltr'>eaquae</span> <span class='ocrx_word' id='word_1_50' title='bbox 523 1335 675 1410; x_wconf 89' lang='lat' dir='ltr'>domum</span> <span class='ocrx_word' id='word_1_51' title='bbox 687 1341 757 1409; x_wconf 92' lang='lat' dir='ltr'>Dei</span> <span class='ocrx_word' id='word_1_52' title='bbox 769 1341 872 1408; x_wconf 87' lang='lat' dir='ltr'>decet</span> <span class='ocrx_word' id='word_1_53' title='bbox 882 1339 1135 1408; x_wconf 74' lang='lat' dir='ltr'>sanctitudine,</span> 
     </span>
     <span class='ocr_line' id='line_1_9' title="bbox 135 1460 1137 1551; baseline -0.001 -22"><span class='ocrx_word' id='word_1_54' title='bbox 135 1460 357 1530; x_wconf 88' lang='lat' dir='ltr'>Pastoribus</span> <span class='ocrx_word' id='word_1_55' title='bbox 382 1463 491 1530; x_wconf 87' lang='lat' dir='ltr'>etiam</span> <span class='ocrx_word' id='word_1_56' title='bbox 527 1461 764 1551; x_wconf 85' lang='lat' dir='ltr'>praecipimus</span> <span class='ocrx_word' id='word_1_57' title='bbox 790 1465 833 1529; x_wconf 87' lang='lat' dir='ltr'>ut</span> <span class='ocrx_word' id='word_1_58' title='bbox 856 1461 1035 1528; x_wconf 89' lang='lat' dir='ltr'>neminem</span> <span class='ocrx_word' id='word_1_59' title='bbox 1065 1462 1137 1528; x_wconf 91' lang='lat' dir='ltr'>nisi</span> 
     </span>
     <span class='ocr_line' id='line_1_10' title="bbox 136 1581 1136 1670; baseline -0.001 -21"><span class='ocrx_word' id='word_1_60' title='bbox 136 1583 284 1670; x_wconf 89' lang='lat' dir='ltr'>publice</span> <span class='ocrx_word' id='word_1_61' title='bbox 310 1581 545 1650; x_wconf 91' lang='lat' dir='ltr'>criminosum</span> <span class='ocrx_word' id='word_1_62' title='bbox 571 1581 629 1649; x_wconf 87' lang='lat' dir='ltr'>vel</span> <span class='ocrx_word' id='word_1_63' title='bbox 655 1581 921 1665; x_wconf 84' lang='lat' dir='ltr'>scandansum,</span> <span class='ocrx_word' id='word_1_64' title='bbox 949 1600 1022 1647; x_wconf 93' lang='lat' dir='ltr'>non</span> <span class='ocrx_word' id='word_1_65' title='bbox 1047 1600 1136 1669; x_wconf 85' lang='lat' dir='ltr'>prae·</span> 
     </span>
     <span class='ocr_line' id='line_1_11' title="bbox 134 1701 1136 1790; baseline -0.001 -21"><span class='ocrx_word' id='word_1_66' title='bbox 134 1701 262 1772; x_wconf 83' lang='lat' dir='ltr'>habita</span> <span class='ocrx_word' id='word_1_67' title='bbox 278 1702 415 1772; x_wconf 92' lang='lat' dir='ltr'>Nostra</span> <span class='ocrx_word' id='word_1_68' title='bbox 430 1703 585 1786; x_wconf 88' lang='lat' dir='ltr'>licentia,</span> <span class='ocrx_word' id='word_1_69' title='bbox 601 1723 621 1769; x_wconf 89' lang='lat' dir='ltr'>e</span> <span class='ocrx_word' id='word_1_70' title='bbox 643 1706 818 1790; x_wconf 88' lang='lat' dir='ltr'>suggestu</span> <span class='ocrx_word' id='word_1_71' title='bbox 835 1702 893 1769; x_wconf 91' lang='lat' dir='ltr'>vel</span> <span class='ocrx_word' id='word_1_72' title='bbox 915 1701 1040 1768; x_wconf 87' lang='lat' dir='ltr'>aitaris</span> <span class='ocrx_word' id='word_1_73' title='bbox 1055 1701 1136 1768; x_wconf 89' lang='lat' dir='ltr'>loco</span> 
     </span>
     <span class='ocr_line' id='line_1_12' title="bbox 136 1823 1138 1913; baseline 0.001 -24"><span class='ocrx_word' id='word_1_74' title='bbox 136 1827 271 1891; x_wconf 86' lang='lat' dir='ltr'>notent.</span> <span class='ocrx_word' id='word_1_75' title='bbox 318 1823 474 1892; x_wconf 88' lang='lat' dir='ltr'><strong>Omnino</strong></span> <span class='ocrx_word' id='word_1_76' title='bbox 490 1828 612 1892; x_wconf 87' lang='lat' dir='ltr'>autem</span> <span class='ocrx_word' id='word_1_77' title='bbox 630 1845 772 1913; x_wconf 85' lang='lat' dir='ltr'>semper</span> <span class='ocrx_word' id='word_1_78' title='bbox 786 1825 993 1893; x_wconf 85' lang='lat' dir='ltr'>abstineant</span> <span class='ocrx_word' id='word_1_79' title='bbox 1012 1825 1059 1892; x_wconf 90' lang='lat' dir='ltr'>ab</span> <span class='ocrx_word' id='word_1_80' title='bbox 1074 1825 1138 1890; x_wconf 91' lang='lat' dir='ltr'>im-</span> 
     </span>
     <span class='ocr_line' id='line_1_13' title="bbox 135 1944 1131 2032; baseline 0.002 -22"><span class='ocrx_word' id='word_1_81' title='bbox 135 1945 409 2032; x_wconf 79' lang='lat' dir='ltr'>precationibus</span> <span class='ocrx_word' id='word_1_82' title='bbox 436 1947 472 2016; x_wconf 88' lang='lat' dir='ltr'>et</span> <span class='ocrx_word' id='word_1_83' title='bbox 493 1945 706 2013; x_wconf 86' lang='lat' dir='ltr'>maledictis.</span> <span class='ocrx_word' id='word_1_84' title='bbox 755 1944 861 2012; x_wconf 78' lang='lat' dir='ltr'>Coae.</span> <span class='ocrx_word' id='word_1_85' title='bbox 879 1944 986 2012; x_wconf 83' lang='lat' dir='ltr'>Plec.</span> <span class='ocrx_word' id='word_1_86' title='bbox 1003 1964 1040 2012; x_wconf 82' lang='lat' dir='ltr'>a.</span> <span class='ocrx_word' id='word_1_87' title='bbox 1057 1949 1131 2012; x_wconf 86' lang='lat'>140.</span> 
     </span>
    </p>
   </div>
   <div class='ocr_carea' id='block_1_4' title="bbox 136 2145 1137 2474">
    <p class='ocr_par' dir='ltr' id='par_1_4' title="bbox 136 2145 1137 2474">
     <span class='ocr_line' id='line_1_14' title="bbox 182 2145 1137 2216; baseline 0.001 -4"><span class='ocrx_word' id='word_1_88' title='bbox 182 2151 254 2213; x_wconf 90' lang='grc'><strong>110.</strong></span> <span class='ocrx_word' id='word_1_89' title='bbox 279 2145 520 2216; x_wconf 83' lang='lat' dir='ltr'>Vehementer</span> <span class='ocrx_word' id='word_1_90' title='bbox 546 2145 655 2213; x_wconf 90' lang='lat' dir='ltr'>etiam</span> <span class='ocrx_word' id='word_1_91' title='bbox 678 2146 762 2213; x_wconf 87' lang='lat' dir='ltr'>ilios</span> <span class='ocrx_word' id='word_1_92' title='bbox 796 2166 920 2213; x_wconf 89' lang='lat' dir='ltr'>omnes</span> <span class='ocrx_word' id='word_1_93' title='bbox 946 2166 1137 2214; x_wconf 88' lang='lat' dir='ltr'>monemus</span> 
     </span>
     <span class='ocr_line' id='line_1_15' title="bbox 136 2268 1134 2354; baseline 0.001 -20"><span class='ocrx_word' id='word_1_94' title='bbox 136 2287 340 2354; x_wconf 83' lang='lat' dir='ltr'><strong>numquam</strong></span> <span class='ocrx_word' id='word_1_95' title='bbox 361 2268 452 2354; x_wconf 90' lang='lat' dir='ltr'>ipsis</span> <span class='ocrx_word' id='word_1_96' title='bbox 467 2268 608 2335; x_wconf 89' lang='lat' dir='ltr'>licitum</span> <span class='ocrx_word' id='word_1_97' title='bbox 631 2289 709 2336; x_wconf 90' lang='lat' dir='ltr'>esse</span> <span class='ocrx_word' id='word_1_98' title='bbox 724 2287 898 2335; x_wconf 88' lang='lat' dir='ltr'>censuras</span> <span class='ocrx_word' id='word_1_99' title='bbox 919 2268 1134 2335; x_wconf 87' lang='lat' dir='ltr'>auctoritate</span> 
     </span>
     <span class='ocr_line' id='line_1_16' title="bbox 136 2385 824 2474; baseline 0 -22"><span class='ocrx_word' id='word_1_100' title='bbox 136 2386 286 2474; x_wconf 89' lang='lat' dir='ltr'>propria</span> <span class='ocrx_word' id='word_1_101' title='bbox 301 2385 376 2455; x_wconf 90' lang='lat' dir='ltr'>sive</span> <span class='ocrx_word' id='word_1_102' title='bbox 391 2386 491 2469; x_wconf 89' lang='lat' dir='ltr'>ferre,</span> <span class='ocrx_word' id='word_1_103' title='bbox 513 2387 587 2455; x_wconf 91' lang='lat' dir='ltr'>sive</span> <span class='ocrx_word' id='word_1_104' title='bbox 603 2387 824 2455; x_wconf 88' lang='lat' dir='ltr'>comminari.</span> 
     </span>
    </p>
   </div>
   <div class='ocr_carea' id='block_1_5' title="bbox 137 2572 1147 3265">
    <p class='ocr_par' dir='ltr' id='par_1_5' title="bbox 137 2572 1147 3265">
     <span class='ocr_line' id='line_1_17' title="bbox 180 2572 1135 2661; baseline 0.003 -24"><span class='ocrx_word' id='word_1_105' title='bbox 180 2576 254 2639; x_wconf 90' lang='lat'>111.</span> <span class='ocrx_word' id='word_1_106' title='bbox 278 2572 454 2653; x_wconf 77' lang='lat' dir='ltr'>Quamvis</span> <span class='ocrx_word' id='word_1_107' title='bbox 476 2573 600 2659; x_wconf 85' lang='lat' dir='ltr'>itaque</span> <span class='ocrx_word' id='word_1_108' title='bbox 622 2574 660 2640; x_wconf 93' lang='lat' dir='ltr'>in</span> <span class='ocrx_word' id='word_1_109' title='bbox 676 2573 774 2641; x_wconf 88' lang='lat' dir='ltr'>vitiis</span> <span class='ocrx_word' id='word_1_110' title='bbox 795 2573 1018 2642; x_wconf 81' lang='lat' dir='ltr'>insectandis</span> <span class='ocrx_word' id='word_1_111' title='bbox 1032 2573 1135 2661; x_wconf 87' lang='lat' dir='ltr'>gravi</span> 
     </span>
     <span class='ocr_line' id='line_1_18' title="bbox 138 2685 1147 2775; baseline -0.001 -15"><span class='ocrx_word' id='word_1_112' title='bbox 138 2709 300 2760; x_wconf 87' lang='lat' dir='ltr'>sermone</span> <span class='ocrx_word' id='word_1_113' title='bbox 317 2692 364 2760; x_wconf 91' lang='lat' dir='ltr'>sit</span> <span class='ocrx_word' id='word_1_114' title='bbox 386 2693 575 2775; x_wconf 87' lang='lat' dir='ltr'>utendum,</span> <span class='ocrx_word' id='word_1_115' title='bbox 596 2713 701 2760; x_wconf 90' lang='lat' dir='ltr'>nemo</span> <span class='ocrx_word' id='word_1_116' title='bbox 724 2693 948 2760; x_wconf 83' lang='lat' dir='ltr'>adstantium</span> <span class='ocrx_word' id='word_1_117' title='bbox 971 2685 1147 2760; x_wconf 59' lang='lat' dir='ltr'>nomina?</span> 
     </span>
     <span class='ocr_line' id='line_1_19' title="bbox 138 2814 1134 2903; baseline 0 -21"><span class='ocrx_word' id='word_1_118' title='bbox 138 2814 203 2882; x_wconf 90' lang='lat' dir='ltr'>tim</span> <span class='ocrx_word' id='word_1_119' title='bbox 232 2815 528 2903; x_wconf 85' lang='lat' dir='ltr'>reprehendatur,</span> <span class='ocrx_word' id='word_1_120' title='bbox 548 2817 614 2883; x_wconf 89' lang='lat' dir='ltr'>aut</span> <span class='ocrx_word' id='word_1_121' title='bbox 638 2815 689 2882; x_wconf 83' lang='lat' dir='ltr'>ita</span> <span class='ocrx_word' id='word_1_122' title='bbox 720 2815 927 2902; x_wconf 85' lang='lat' dir='ltr'>designetur</span> <span class='ocrx_word' id='word_1_123' title='bbox 957 2818 1000 2882; x_wconf 89' lang='lat' dir='ltr'>ut</span> <span class='ocrx_word' id='word_1_124' title='bbox 1028 2815 1134 2882; x_wconf 88' lang='lat' dir='ltr'>facile</span> 
     </span>
     <span class='ocr_line' id='line_1_20' title="bbox 137 2932 1135 3023; baseline 0.003 -24"><span class='ocrx_word' id='word_1_125' title='bbox 137 2932 358 3002; x_wconf 78' lang='lat' dir='ltr'>innotescere</span> <span class='ocrx_word' id='word_1_126' title='bbox 380 2935 507 3023; x_wconf 88' lang='lat' dir='ltr'>possit.</span> <span class='ocrx_word' id='word_1_127' title='bbox 554 2934 610 3018; x_wconf 77' lang='lat' dir='ltr'>nt,</span> <span class='ocrx_word' id='word_1_128' title='bbox 631 2934 662 3002; x_wconf 88' lang='lat' dir='ltr'>si</span> <span class='ocrx_word' id='word_1_129' title='bbox 676 2933 770 3001; x_wconf 88' lang='lat' dir='ltr'>inter</span> <span class='ocrx_word' id='word_1_130' title='bbox 785 2933 1084 3002; x_wconf 82' lang='lat' dir='ltr'>Concionatorem</span> <span class='ocrx_word' id='word_1_131' title='bbox 1100 2939 1135 3002; x_wconf 91' lang='lat' dir='ltr'>et</span> 
     </span>
     <span class='ocr_line' id='line_1_21' title="bbox 138 3053 1135 3142; baseline 0.005 -24"><span class='ocrx_word' id='word_1_132' title='bbox 138 3053 282 3141; x_wconf 89' lang='lat' dir='ltr'>aliquos</span> <span class='ocrx_word' id='word_1_133' title='bbox 298 3075 345 3121; x_wconf 89' lang='lat' dir='ltr'>ex</span> <span class='ocrx_word' id='word_1_134' title='bbox 358 3055 550 3122; x_wconf 87' lang='lat' dir='ltr'>commisso</span> <span class='ocrx_word' id='word_1_135' title='bbox 567 3054 636 3122; x_wconf 91' lang='lat' dir='ltr'>sibi</span> <span class='ocrx_word' id='word_1_136' title='bbox 650 3075 758 3142; x_wconf 84' lang='lat' dir='ltr'>grege</span> <span class='ocrx_word' id='word_1_137' title='bbox 769 3054 851 3122; x_wconf 86' lang='lat' dir='ltr'>lites</span> <span class='ocrx_word' id='word_1_138' title='bbox 863 3056 920 3122; x_wconf 90' lang='lat' dir='ltr'>vel</span> <span class='ocrx_word' id='word_1_139' title='bbox 933 3054 1135 3123; x_wconf 85' lang='lat' dir='ltr'>simultates</span> 
     </span>
     <span class='ocr_line' id='line_1_22' title="bbox 139 3175 1134 3265; baseline 0.003 -22"><span class='ocrx_word' id='word_1_140' title='bbox 139 3175 331 3261; x_wconf 82' lang='lat' dir='ltr'>extiterint,</span> <span class='ocrx_word' id='word_1_141' title='bbox 358 3198 563 3265; x_wconf 86' lang='lat' dir='ltr'>numquam</span> <span class='ocrx_word' id='word_1_142' title='bbox 584 3181 711 3246; x_wconf 88' lang='lat' dir='ltr'>utatur</span> <span class='ocrx_word' id='word_1_143' title='bbox 733 3178 908 3246; x_wconf 82' lang='lat' dir='ltr'>Sacerdos</span> <span class='ocrx_word' id='word_1_144' title='bbox 930 3198 1032 3246; x_wconf 85' lang='lat' dir='ltr'>sacro</span> <span class='ocrx_word' id='word_1_145' title='bbox 1051 3179 1134 3246; x_wconf 89' lang='lat' dir='ltr'>loco</span> 
     </span>
    </p>
   </div>
   <div class='ocr_carea' id='block_1_6' title="bbox 139 3297 1129 3508">
    <p class='ocr_par' dir='ltr' id='par_1_6' title="bbox 139 3297 1129 3508">
     <span class='ocr_line' id='line_1_23' title="bbox 139 3297 1129 3387; baseline 0.003 -24"><span class='ocrx_word' id='word_1_146' title='bbox 139 3299 174 3364; x_wconf 88' lang='lat' dir='ltr'>et</span> <span class='ocrx_word' id='word_1_147' title='bbox 198 3300 361 3385; x_wconf 88' lang='lat' dir='ltr'>tempore</span> <span class='ocrx_word' id='word_1_148' title='bbox 389 3299 438 3366; x_wconf 89' lang='lat' dir='ltr'>ad</span> <span class='ocrx_word' id='word_1_149' title='bbox 468 3298 713 3367; x_wconf 88' lang='lat' dir='ltr'>ulciscendam</span> <span class='ocrx_word' id='word_1_150' title='bbox 740 3299 919 3387; x_wconf 90' lang='lat' dir='ltr'>privatam</span> <span class='ocrx_word' id='word_1_151' title='bbox 945 3297 1129 3386; x_wconf 87' lang='lat' dir='ltr'>injuriam.</span> 
     </span>
     <span class='ocr_line' id='line_1_24' title="bbox 141 3418 511 3508; baseline 0.005 -22"><span class='ocrx_word' id='word_1_152' title='bbox 141 3418 243 3487; x_wconf 80' lang='lat' dir='ltr'>Ocno.</span> <span class='ocrx_word' id='word_1_153' title='bbox 260 3419 369 3508; x_wconf 73' lang='lat' dir='ltr'>Pica.</span> <span class='ocrx_word' id='word_1_154' title='bbox 384 3441 421 3489; x_wconf 79' lang='lat' dir='ltr'>a.</span> <span class='ocrx_word' id='word_1_155' title='bbox 438 3424 511 3488; x_wconf 88' lang='lat'>140.</span> 
     </span>
    </p>
   </div>
   <div class='ocr_carea' id='block_1_7' title="bbox 140 3621 1131 3833">
    <p class='ocr_par' dir='ltr' id='par_1_7' title="bbox 140 3621 1131 3833">
     <span class='ocr_line' id='line_1_25' title="bbox 178 3621 1131 3710; baseline 0.004 -22"><span class='ocrx_word' id='word_1_156' title='bbox 178 3625 253 3688; x_wconf 71' lang='lat'>112.</span> <span class='ocrx_word' id='word_1_157' title='bbox 276 3621 447 3691; x_wconf 85' lang='lat' dir='ltr'>Pastores</span> <span class='ocrx_word' id='word_1_158' title='bbox 484 3625 634 3692; x_wconf 87' lang='lat' dir='ltr'>caveant</span> <span class='ocrx_word' id='word_1_159' title='bbox 661 3643 707 3691; x_wconf 92' lang='lat' dir='ltr'>ne</span> <span class='ocrx_word' id='word_1_160' title='bbox 738 3623 959 3691; x_wconf 82' lang='lat' dir='ltr'>sacerdotem</span> <span class='ocrx_word' id='word_1_161' title='bbox 996 3643 1131 3710; x_wconf 88' lang='lat' dir='ltr'>vagum</span> 
     </span>
     <span class='ocr_line' id='line_1_26' title="bbox 140 3745 1131 3833; baseline 0.002 -22"><span class='ocrx_word' id='word_1_162' title='bbox 140 3763 360 3832; x_wconf 87' lang='lat' dir='ltr'>quemquam</span> <span class='ocrx_word' id='word_1_163' title='bbox 382 3745 440 3812; x_wconf 84' lang='lat' dir='ltr'>vel</span> <span class='ocrx_word' id='word_1_164' title='bbox 461 3745 628 3833; x_wconf 87' lang='lat' dir='ltr'>ignotum</span> <span class='ocrx_word' id='word_1_165' title='bbox 654 3745 724 3813; x_wconf 92' lang='lat' dir='ltr'>sibi</span> <span class='ocrx_word' id='word_1_166' title='bbox 749 3748 785 3812; x_wconf 90' lang='lat' dir='ltr'>et</span> <span class='ocrx_word' id='word_1_167' title='bbox 805 3748 1017 3813; x_wconf 87' lang='lat' dir='ltr'>extraneum</span> <span class='ocrx_word' id='word_1_168' title='bbox 1045 3745 1131 3814; x_wconf 91' lang='lat' dir='ltr'>Mis-</span> 
     </span>
    </p>
   </div>
   <div class='ocr_carea' id='block_1_8' title="bbox 0 0 1355 4398">
    <p class='ocr_par' dir='ltr' id='par_1_8' title="bbox 0 0 1355 4398">
     <span class='ocr_line' id='line_1_27' title="bbox 0 0 1355 4398; baseline 0 0"><span class='ocrx_word' id='word_1_169' title='bbox 0 0 1355 4398; x_wconf 95' lang='lat' dir='ltr'> </span> 
     </span>
    </p>
   </div>
  </div>
 </body>
</html>
