2686 4398
395 448 440 494 nn
461 448 563 494 sorus
585 449 862 496 noonnsrnsrrcrs.
1088 437 1126 496 35

125 615 292 683 ecclesiis
318 619 510 696 contracta,
538 617 681 684 decreto
712 616 818 684 tertio
847 616 1001 685 concilii
1030 617 1126 684 Neo-

125 737 367 816 Eboraoensis
390 738 408 805 I
430 737 657 820 inhaerenteS,
674 738 836 806 district-o
856 739 1065 806 inhibemus
1080 760 1125 808 ne

125 858 349 942 Sacerdotes,
367 858 575 964 inconsulto
591 859 796 941 OrdiuariO,
812 860 1001 926 ecclesiam
1019 880 1124 927 suam

124 999 196 1047 aere
219 979 337 1046 alieno
370 1000 520 1066 gravare
545 983 780 1068 praesumant.
839 979 930 1048 Vide
952 979 1125 1066 Appead.

122 1101 196 1170 IV.

170 1275 244 1339 124.
268 1273 499 1341 Meminerint
522 1274 734 1341 Sacerdotes
750 1273 819 1342 sibi
834 1294 908 1341 non
924 1273 1032 1341 licere
1046 1295 1126 1362 pro

122 1393 205 1482 prio
216 1395 301 1480 jure
317 1396 353 1462 et
368 1394 513 1462 nomine
528 1415 642 1483 penes
658 1395 862 1482 selretinere
875 1395 970 1462 bona
983 1393 1125 1482 quaevis

118 1490 149 1579 'a
172 1511 344 1581 fidelibus
370 1513 409 1580 in
433 1513 517 1601 pios
539 1534 631 1581 usus
654 1513 810 1597 donata;
836 1514 900 1580 sed
923 1513 1002 1581 haeo
1026 1515 1123 1581 bona

125 1633 376 1700 concredenda
386 1633 550 1701 societati
558 1634 779 1701 aedituorum
790 1633 915 1721 (vulgo
930 1633 1126 1720 ilariaco),

87 1847 88 1850 Ἴ
124 1755 358 1822 conformiter
372 1755 445 1842 legi
460 1730 498 1822 in
513 1755 582 1823 hoc
600 1756 714 1842 Statu,
735 1755 795 1823 die
810 1757 852 1822 25
868 1755 1003 1836 Martii,
1024 1758 1120 1840 1863,

124 1878 210 1960 lata,
231 1879 385 1966 Anglice
407 1880 525 1963 diotae,
557 1879 654 1948 “Aa
678 1881 737 1947 oct
759 1879 1125 1966 supplementorum

124 1998 185 2066 tlte
200 1999 260 2066 act
274 2000 335 2067 eat
344 2000 429 2068 'uec
453 2001 538 2069 ‘Aa
553 2002 613 2069 oct
629 2001 663 2068 a
671 2002 830 2086 procide
840 2001 913 2086 for
928 2001 988 2068 tae
1004 2003 1122 2069 incor-

116 2123 299 2207 poration
326 2124 371 2208 of
392 2124 591 2210 Belloiouc
616 2125 810 2208 Societier,’
836 2125 982 2210 possed
1007 2124 1124 2210 April

121 2243 196 2323 ota,
217 2245 337 2312 1813.'’
397 2245 488 2314 Vide
503 2247 674 2332 Appead.
689 2246 747 2315 II.

171 2469 246 2534 125.
269 2467 355 2535 Non
377 2468 500 2536 licebit
521 2469 686 2536 alterutri
710 2468 930 2537 aedituorum
946 2470 1124 2538 laicorum

122 2587 318 2674 pecuniam
333 2607 356 2656 a
370 2588 544 2656 fidelibus
564 2588 602 2655 in
625 2608 717 2655 usus
739 2589 1001 2657 ecclesiasticos
1018 2589 1128 2657 socie-

124 2713 193 2778 tati
220 2715 445 2799 corrogatam
466 2715 532 2780 aut
550 2711 754 2799 Religionis
770 2732 998 2780 sacrorumve
1022 2712 1128 2780 Mini-

123 2833 282 2898 strorum
296 2851 406 2900 causa
419 2833 731 2901 subministratum
743 2834 882 2921 absque
892 2833 1056 2902 Pastoris
1067 2834 1127 2902 vel

124 2951 309 3019 Ordinarii
323 2953 470 3021 licentia
485 2955 700 3044 expendere.
747 2956 837 3044 Syra
858 2954 941 3022 Alb.
958 2956 1015 3023 II.

168 3159 242 3224 126.
268 3156 429 3244 Singulis
456 3178 541 3226 vero
571 3159 677 3227 annis
706 3163 790 3227 ante
820 3159 997 3228 decimam
1028 3161 1125 3228 diem

123 3279 304 3360 Jannarii,
336 3281 545 3350 Sacerdotes
575 3283 711 3371 scripto
745 3283 852 3352 nobis
889 3284 1043 3352 referent
1080 3305 1124 3352 ea

123 3401 247 3468 omnia
262 3420 347 3488 quae
364 3405 499 3469 statum
523 3404 559 3470 et
582 3401 786 3491 profectum
813 3423 963 3472 suarum
987 3404 1126 3472 missio-

122 3541 212 3589 num
233 3521 465 3610 patefaciant,
482 3523 595 3610 juxta
616 3524 830 3592 schedulam
849 3523 955 3611 typis
975 3523 1125 3612 impres-

124 3665 214 3727 sam,
240 3664 353 3734 quam
378 3644 532 3733 singulis
566 3647 604 3714 in
641 3650 866 3716 antecessum
903 3647 999 3716 mitti
1023 3669 1125 3716 cura-

124 3766 257 3835 bimus.
322 3775 323 3780 ’
