2686 4398
448 400 492 446 nn
514 399 623 446 oonrn
646 399 781 447 nrvmo.
1076 387 1116 449 at

117 567 185 634 nbi
200 587 285 634 vera
299 566 423 638 exist't
437 567 642 634 necessitas,
692 565 853 652 Singulis
870 567 997 634 saltem
1013 568 1119 634 annis

113 689 171 754 est
192 686 410 754 renovanda.
463 687 683 754 Annect’tur
705 689 828 753 autem
850 706 923 753 non
946 687 1027 753 loco
1050 689 1117 754 aut

115 806 288 888 ecclesiae,
329 806 394 874 sed
441 825 608 894 personae
648 805 708 873 cui
748 806 967 873 conceditur.
1028 807 1117 894 Syra.

118 927 204 995 Aio.
230 927 285 994 II.

158 1135 209 1198 93.
234 1131 387 1212 Quoties
412 1131 497 1219 quis
522 1133 623 1200 binat
650 1153 697 1200 ex
730 1133 906 1210 facultate
933 1152 1115 1218 concessa,

115 1255 284 1336 celebret,
308 1254 372 1321 ubi
394 1254 434 1321 id
455 1254 532 1321 lieri
555 1257 684 1342 potest,
709 1254 748 1321 in
768 1254 922 1322 diversis
945 1252 1116 1336 ecclesiis,

117 1377 184 1441 aut
199 1375 326 1441 saltem
342 1374 380 1439 in
396 1373 548 1442 diversis
563 1375 751 1442 altaribus.
801 1375 889 1462 Syra.
906 1373 988 1442 Ait.
1006 1374 1061 1440 II.

163 1599 215 1661 94.
242 1594 463 1678 Sacerdotes,
499 1595 679 1680 quamdiu
719 1594 870 1662 Missam
904 1595 1033 1682 legunt
1063 1594 1121 1661 vel

119 1720 267 1800 canunt,
308 1736 513 1803 numquam
550 1718 596 1784 ab
633 1717 740 1783 altari
777 1717 1009 1800 descendant,
1051 1716 1122 1784 nisi

119 1827 270 1927 quando
300 1837 340 1904 id
369 1837 545 1924 permittit
576 1837 747 1922 Robrica,
782 1838 939 1926 ideoque
973 1837 1122 1905 omnino

118 1961 287 2026 vetamus
323 1977 369 2024 ne
406 1957 501 2024 inter
535 1956 734 2024 Missarum
765 1957 1044 2045 celebrationem
1074 1957 1121 2024 ab

117 2080 226 2148 altari
247 2080 437 2147 discedant
458 2080 507 2146 ad
530 2081 801 2166 eleemosynam
824 2101 847 2147 a
866 2079 1037 2148 fidelibus
1060 2101 1120 2168 pe·

119 2200 268 2268 tendam
303 2203 370 2267 aut
405 2200 497 2287 quid
536 2200 653 2268 simile
688 2202 947 2288 peragendum.
1014 2201 1118 2269 Ocno.

119 2320 229 2388 Pica.
249 2339 286 2388 a.
305 2323 379 2386 364.

164 2511 219 2575 95⁴
242 2507 286 2574 In
310 2507 380 2574 hac
406 2507 576 2591 Dioeeesi,
596 2507 839 2595 praesentibus
864 2509 903 2575 in
923 2507 1118 2596 adjunctis,

120 2630 346 2718 stipendium
362 2651 430 2718 pro
446 2629 559 2697 Missa
575 2631 719 2717 privata
733 2634 788 2697 est
803 2650 921 2697 unum
937 2634 1122 2697 scutatum

120 2751 281 2839 (datter).
333 2751 436 2819 Uoco.
455 2751 564 2819 Pico.
581 2771 619 2818 a.
638 2753 711 2818 369.

165 2942 217 3005 96.
242 2938 342 3006 Inter
358 2938 571 3005 Sacerdotes
594 2957 667 3004 non
691 2941 777 3005 sunt
798 2936 1053 3024 permutandae
1070 2938 1123 3003 in·

121 3057 300 3125 tentiones
324 3056 532 3142 Missarum,
553 3057 624 3126 nisi
650 3057 758 3124 simul
784 3059 1039 3144 permutentur
1063 3056 1123 3123 sti-

122 3178 269 3268 pendia.

168 3370 219 3434 97.
243 3366 281 3432 N
283 3366 383 3434 ullus
405 3367 640 3435 sacerdotnm
663 3367 795 3454 quovis
815 3338 1012 3434 titulo‘aut
1033 3385 1124 3452 prae·

124 3491 230 3555 textu
252 3487 404 3554 Missam
427 3487 615 3554 continuet
631 3489 812 3556 submissa
827 3508 925 3571 voce,
945 3488 1125 3574 quamdiu

126 3609 258 3678 Gloria
270 3612 307 3676 et
316 3608 431 3676 oredo
444 3609 684 3677 decantantur
699 3611 738 3676 in
754 3609 874 3677 choro.
916 3608 1019 3678 Ooac.
1033 3609 1125 3677 Neo·

127 3729 272 3798 Ebora.
292 3730 371 3798 III.
388 3730 497 3798 Decr.
513 3733 544 3798 2.
