2686 4398
458 437 502 482 nr
524 436 756 485 uaramoruo.
1074 427 1112 486 21

155 613 208 675 72.
242 607 424 676 Fidelium
474 607 638 673 studium
675 609 809 676 crebris
847 609 1120 677 hortationibus

111 732 312 798 accendant
351 736 398 796 ut
434 730 684 816 eleemosynas
715 732 754 797 in
793 753 887 820 opus
928 733 1119 800 Seminarii

112 872 176 918 seu
199 849 412 916 clericorum
435 848 676 916 institutionis
699 849 898 917 liberaliter
918 851 1114 920 conferant.

116 977 484 1046 concremaro.
554 1005 559 1015 ·

492 1217 652 1285 CAPUT
676 1217 742 1285 XI.

413 1441 414 1450 ,
448 1392 786 1443 nnuarnruorro.

154 1537 207 1599 73.
233 1532 368 1600 Carent
391 1533 602 1599 Sacerdotes
627 1534 669 1599 ut
688 1533 814 1600 fideles
836 1535 885 1601 ad
909 1534 1116 1601 Sacramen-

60 1663 63 1668 ’
109 1657 190 1720 turn
220 1652 444 1718 Matrimonii
467 1652 715 1739 recipiendum
746 1653 838 1720 bene
867 1654 986 1739 parati
1015 1673 1112 1721 aoce-

110 1773 210 1839 dant.
256 1771 534 1838 Admoneantur
548 1771 673 1858 itaque
687 1771 943 1858 nupturientes
958 1775 1010 1855 ut,
1019 1775 1115 1839 ante-

112 1914 226 1981 quam
270 1893 494 1976 contrahant,
538 1886 787 1960 Sacramenta
815 1893 1044 1961 Poenitentiae
1082 1897 1117 1962 et

109 2018 351 2086 Eucharistiae
377 2019 438 2105 pie
461 2017 673 2104 suscipiant,
690 2021 726 2084 et
749 2017 800 2084 sio
825 2018 873 2084 ad
896 2018 967 2086 hoo
992 2019 1117 2086 Sacra-

110 2145 273 2207 mentum
291 2141 456 2206 vivorum
479 2139 518 2205 in
543 2141 640 2206 statu
662 2139 789 2227 gratiae
805 2143 849 2224 et,
871 2159 945 2226 qua
971 2161 1037 2228 par
1061 2144 1118 2209 est

109 2244 312 2327 devotione,
332 2243 515 2310 accedant.
569 2241 671 2310 Cone.
687 2233 794 2310 Piero.
810 2263 848 2310 a.
867 2247 940 2309 329.

153 2420 205 2482 74.
230 2415 503 2481 Matrimonium
531 2415 811 2502 quantomagis
837 2416 883 2481 ab
913 2415 1115 2483 incredulis

107 2543 147 2604 et
162 2535 341 2603 haereticis
356 2541 532 2622 tanquam
557 2556 656 2621 nuga
668 2539 853 2618 tractatur,
870 2556 912 2602 eo
927 2536 1058 2622 majori
1073 2536 1111 2602 in

108 2660 250 2724 honore
266 2657 492 2723 acatholicis
515 2659 570 2722 est
592 2655 813 2742 habendum.
862 2655 1023 2722 Proinde
1046 2655 1115 2722 fer-

108 2783 237 2844 venter
253 2781 425 2865 optamus
451 2782 493 2844 ut
518 2796 660 2863 semper
675 2776 771 2842 infra
795 2777 943 2842 missam
963 2777 1114 2843 solemni

107 2899 359 2966 benedictione
375 2900 613 2975 consecretur,
626 2897 683 2962 vel
696 2896 889 2963 comitante
901 2895 1013 2962 missa
1024 2897 1113 2962 cele-

106 3023 244 3086 bretur.
283 3018 464 3084 Laborent
478 3019 683 3084 animarum
704 3015 874 3084 Pastores
890 3018 932 3082 ut
946 3036 1026 3082 mos
1042 3016 1113 3083 iste

109 3163 177 3230 per
204 3143 317 3207 totam
344 3139 538 3207 Dioecesim
565 3139 771 3227 praevaleat.
819 3138 925 3205 Coae.
941 3137 1047 3205 Pleu.
1071 3157 1111 3206 a.

109 3268 185 3330 333.

153 3403 207 3468 75.
235 3400 343 3481 Quod
360 3402 390 3467 si
405 3401 475 3467 hoc
500 3399 654 3467 obtineri
677 3401 843 3485 nequeat,
865 3398 991 3465 saltem
1008 3418 1113 3465 num·

109 3544 222 3611 quam
239 3524 276 3589 in
304 3525 413 3590 domo
440 3523 584 3610 privata
611 3521 812 3589 celebretur
835 3519 1110 3587 Matrimonium

109 3645 204 3711 inter
221 3643 426 3728 catholicos,
448 3644 512 3710 sed
537 3643 576 3710 in
602 3643 753 3710 ecclesia
768 3645 812 3725 et,
834 3644 1012 3728 quantum
1036 3641 1117 3708 fieri

110 3773 240 3856 potest,
253 3769 344 3836 hora
358 3768 651 3835 antemeridiana.
700 3765 803 3834 Oeae.
818 3765 926 3833 Pleu.
942 3785 978 3832 n.
992 3768 1052 3831 329
